uid,time,trade_id,price,amount,exchange,instrmnt,vol_dllr,sell2,Class,Asset,datetime,year,hour
89452430,1660521639000.0,60073363,8.952,0.98113,polo,dot-usdt,8.78307576,0.0,spot,dot,2022-08-15 00:00:39,2022,0
89452431,1660521644000.0,60073364,8.947,2.0551300000000006,polo,dot-usdt,18.387248110000005,0.0,spot,dot,2022-08-15 00:00:44,2022,0
89452432,1660521649000.0,60073365,8.958,1.9546499999999998,polo,dot-usdt,17.5097547,0.0,spot,dot,2022-08-15 00:00:49,2022,0
89452433,1660521702000.0,60073366,8.959,1.7459200000000001,polo,dot-usdt,15.64169728,0.0,spot,dot,2022-08-15 00:01:42,2022,0
89452434,1660521706000.0,60073367,8.965,1.81056,polo,dot-usdt,16.2316704,0.0,spot,dot,2022-08-15 00:01:46,2022,0
89452435,1660521710000.0,60073368,8.968,1.88562,polo,dot-usdt,16.91024016,0.0,spot,dot,2022-08-15 00:01:50,2022,0
89452436,1660521714000.0,60073369,8.969,0.69847,polo,dot-usdt,6.26457743,0.0,spot,dot,2022-08-15 00:01:54,2022,0
89452437,1660521716000.0,60073370,8.969,0.014480000000000002,polo,dot-usdt,0.12987112,0.0,spot,dot,2022-08-15 00:01:56,2022,0
89452438,1660521728000.0,60073371,8.954,0.8732299999999998,polo,dot-usdt,7.8189014199999995,0.0,spot,dot,2022-08-15 00:02:08,2022,0
89452439,1660521732000.0,60073372,8.961,0.96061,polo,dot-usdt,8.60802621,0.0,spot,dot,2022-08-15 00:02:12,2022,0
89452440,1660521737000.0,60073373,8.952,1.84041,polo,dot-usdt,16.47535032,0.0,spot,dot,2022-08-15 00:02:17,2022,0
89452441,1660521741000.0,60073374,8.96,1.84665,polo,dot-usdt,16.545984,0.0,spot,dot,2022-08-15 00:02:21,2022,0
89452442,1660521745000.0,60073375,8.949,1.2980399999999999,polo,dot-usdt,11.61615996,0.0,spot,dot,2022-08-15 00:02:25,2022,0
89452443,1660521750000.0,60073376,8.944,1.28543,polo,dot-usdt,11.496885920000002,0.0,spot,dot,2022-08-15 00:02:30,2022,0
89452444,1660521754000.0,60073377,8.954,1.67106,polo,dot-usdt,14.96267124,0.0,spot,dot,2022-08-15 00:02:34,2022,0
89452445,1660521763000.0,60073378,8.952,0.79884,polo,dot-usdt,7.15121568,0.0,spot,dot,2022-08-15 00:02:43,2022,0
89452446,1660521825000.0,60073379,8.945,2.03228,polo,dot-usdt,18.1787446,0.0,spot,dot,2022-08-15 00:03:45,2022,0
89452447,1660521883000.0,60073380,8.953,2.8836100000000005,polo,dot-usdt,25.81696033,0.0,spot,dot,2022-08-15 00:04:43,2022,0
89452448,1660521887000.0,60073381,8.951,0.88616,polo,dot-usdt,7.93201816,0.0,spot,dot,2022-08-15 00:04:47,2022,0
89452449,1660521887000.0,60073382,8.951,0.027479999999999997,polo,dot-usdt,0.24597348,0.0,spot,dot,2022-08-15 00:04:47,2022,0
89452450,1660521887000.0,60073383,8.953,2.85,polo,dot-usdt,25.51605,0.0,spot,dot,2022-08-15 00:04:47,2022,0
89452451,1660521891000.0,60073384,8.952,0.9942,polo,dot-usdt,8.9000784,0.0,spot,dot,2022-08-15 00:04:51,2022,0
89452452,1660521900000.0,60073385,8.952,0.86573,polo,dot-usdt,7.75001496,0.0,spot,dot,2022-08-15 00:05:00,2022,0
89452453,1660521912000.0,60073386,8.953,0.83267,polo,dot-usdt,7.45489451,0.0,spot,dot,2022-08-15 00:05:12,2022,0
89452454,1660521918000.0,60073387,8.947,1.4836500000000001,polo,dot-usdt,13.27421655,0.0,spot,dot,2022-08-15 00:05:18,2022,0
89452455,1660521922000.0,60073388,8.945,0.83967,polo,dot-usdt,7.51084815,0.0,spot,dot,2022-08-15 00:05:22,2022,0
89452456,1660521926000.0,60073389,8.949,2.63553,polo,dot-usdt,23.58535797,0.0,spot,dot,2022-08-15 00:05:26,2022,0
89452457,1660521931000.0,60073390,8.971,2.6695,polo,dot-usdt,23.948084500000004,0.0,spot,dot,2022-08-15 00:05:31,2022,0
89452458,1660521935000.0,60073391,8.955,8.37028,polo,dot-usdt,74.9558574,0.0,spot,dot,2022-08-15 00:05:35,2022,0
89452459,1660521939000.0,60073392,8.947,3.87643,polo,dot-usdt,34.68241921,0.0,spot,dot,2022-08-15 00:05:39,2022,0
89452460,1660521948000.0,60073393,8.953,4.90894,polo,dot-usdt,43.94973982,0.0,spot,dot,2022-08-15 00:05:48,2022,0
89452461,1660521949000.0,60073394,8.953,0.01324,polo,dot-usdt,0.11853772,0.0,spot,dot,2022-08-15 00:05:49,2022,0
89452462,1660521953000.0,60073395,8.945,4.16989,polo,dot-usdt,37.29966605,0.0,spot,dot,2022-08-15 00:05:53,2022,0
89452463,1660521957000.0,60073396,8.942,4.53003,polo,dot-usdt,40.50752826,0.0,spot,dot,2022-08-15 00:05:57,2022,0
89452464,1660521961000.0,60073397,8.94,5.7348,polo,dot-usdt,51.26911199999999,0.0,spot,dot,2022-08-15 00:06:01,2022,0
89452465,1660521966000.0,60073398,8.946,7.7048000000000005,polo,dot-usdt,68.9271408,0.0,spot,dot,2022-08-15 00:06:06,2022,0
89452466,1660521970000.0,60073399,8.942,3.41959,polo,dot-usdt,30.57797378,0.0,spot,dot,2022-08-15 00:06:10,2022,0
89452467,1660521975000.0,60073400,8.941,6.257699999999999,polo,dot-usdt,55.95009569999999,0.0,spot,dot,2022-08-15 00:06:15,2022,0
89452468,1660521979000.0,60073401,8.947,7.939780000000001,polo,dot-usdt,71.03721166,0.0,spot,dot,2022-08-15 00:06:19,2022,0
89452469,1660521984000.0,60073402,8.944,2.1362200000000002,polo,dot-usdt,19.106351680000003,0.0,spot,dot,2022-08-15 00:06:24,2022,0
89452470,1660522000000.0,60073403,8.952,0.8760100000000001,polo,dot-usdt,7.84204152,0.0,spot,dot,2022-08-15 00:06:40,2022,0
89452471,1660522006000.0,60073404,8.952,2.79259,polo,dot-usdt,24.99926568,0.0,spot,dot,2022-08-15 00:06:46,2022,0
89452472,1660522006000.0,60073405,8.952,2.80613,polo,dot-usdt,25.12047576,0.0,spot,dot,2022-08-15 00:06:46,2022,0
89452473,1660522014000.0,60073406,8.945,2.3467599999999997,polo,dot-usdt,20.9917682,0.0,spot,dot,2022-08-15 00:06:54,2022,0
89452474,1660522019000.0,60073407,8.948,3.0683199999999995,polo,dot-usdt,27.45532736,0.0,spot,dot,2022-08-15 00:06:59,2022,0
89452475,1660522023000.0,60073408,8.944,6.3178600000000005,polo,dot-usdt,56.50693984000001,0.0,spot,dot,2022-08-15 00:07:03,2022,0
89452476,1660522028000.0,60073409,8.943,1.9796900000000002,polo,dot-usdt,17.70436767,0.0,spot,dot,2022-08-15 00:07:08,2022,0
89452477,1660522030000.0,60073410,8.942,0.94099,polo,dot-usdt,8.41433258,0.0,spot,dot,2022-08-15 00:07:10,2022,0
89452478,1660522037000.0,60073411,8.947,2.6900500000000003,polo,dot-usdt,24.06787735,0.0,spot,dot,2022-08-15 00:07:17,2022,0
89452479,1660522071000.0,60073412,8.947,6.2291300000000005,polo,dot-usdt,55.73202611,0.0,spot,dot,2022-08-15 00:07:51,2022,0
89452480,1660522071000.0,60073413,8.94,0.80481,polo,dot-usdt,7.1950014,0.0,spot,dot,2022-08-15 00:07:51,2022,0
89452481,1660522075000.0,60073414,8.943,3.01542,polo,dot-usdt,26.96690106,0.0,spot,dot,2022-08-15 00:07:55,2022,0
89452482,1660522077000.0,60073415,8.943,0.14098,polo,dot-usdt,1.26078414,0.0,spot,dot,2022-08-15 00:07:57,2022,0
89452483,1660522077000.0,60073416,8.939,2.59852,polo,dot-usdt,23.22817028,0.0,spot,dot,2022-08-15 00:07:57,2022,0
89452484,1660522110000.0,60073417,8.945,7.80348,polo,dot-usdt,69.8021286,0.0,spot,dot,2022-08-15 00:08:30,2022,0
89452485,1660522115000.0,60073418,8.942,5.310899999999999,polo,dot-usdt,47.49006779999999,0.0,spot,dot,2022-08-15 00:08:35,2022,0
89452486,1660522132000.0,60073419,8.945,7.99867,polo,dot-usdt,71.54810315,0.0,spot,dot,2022-08-15 00:08:52,2022,0
89452487,1660522136000.0,60073420,8.942,5.76445,polo,dot-usdt,51.5457119,0.0,spot,dot,2022-08-15 00:08:56,2022,0
89452488,1660522167000.0,60073421,8.947,3.4615200000000006,polo,dot-usdt,30.97021944,0.0,spot,dot,2022-08-15 00:09:27,2022,0
89452489,1660522172000.0,60073422,8.947,6.02153,polo,dot-usdt,53.87462891,0.0,spot,dot,2022-08-15 00:09:32,2022,0
89452490,1660522176000.0,60073423,8.946,8.08108,polo,dot-usdt,72.29334168,0.0,spot,dot,2022-08-15 00:09:36,2022,0
89452491,1660522185000.0,60073424,8.944,2.17361,polo,dot-usdt,19.440767840000003,0.0,spot,dot,2022-08-15 00:09:45,2022,0
89452492,1660522194000.0,60073425,8.94,3.6550000000000002,polo,dot-usdt,32.6757,0.0,spot,dot,2022-08-15 00:09:54,2022,0
89452493,1660522198000.0,60073426,8.94,6.31747,polo,dot-usdt,56.4781818,0.0,spot,dot,2022-08-15 00:09:58,2022,0
89452494,1660522207000.0,60073427,8.94,8.34594,polo,dot-usdt,74.6127036,0.0,spot,dot,2022-08-15 00:10:07,2022,0
89452495,1660522216000.0,60073428,8.94,6.81167,polo,dot-usdt,60.8963298,0.0,spot,dot,2022-08-15 00:10:16,2022,0
89452496,1660522218000.0,60073429,8.939,13.00888,polo,dot-usdt,116.28637832,0.0,spot,dot,2022-08-15 00:10:18,2022,0
89452497,1660522222000.0,60073430,8.939,1.8118,polo,dot-usdt,16.1956802,0.0,spot,dot,2022-08-15 00:10:22,2022,0
89452498,1660522224000.0,60073431,8.94,7.81319,polo,dot-usdt,69.8499186,0.0,spot,dot,2022-08-15 00:10:24,2022,0
89452499,1660522229000.0,60073432,8.941,7.19214,polo,dot-usdt,64.30492374,0.0,spot,dot,2022-08-15 00:10:29,2022,0
89452500,1660522233000.0,60073433,8.941,0.11202,polo,dot-usdt,1.00157082,0.0,spot,dot,2022-08-15 00:10:33,2022,0
89452501,1660522233000.0,60073434,8.939,4.9907900000000005,polo,dot-usdt,44.61267181,0.0,spot,dot,2022-08-15 00:10:33,2022,0
89452502,1660522233000.0,60073435,8.939,9.999999999999999e-06,polo,dot-usdt,8.939e-05,0.0,spot,dot,2022-08-15 00:10:33,2022,0
89452503,1660522233000.0,60073436,8.933,1.91491,polo,dot-usdt,17.10589103,0.0,spot,dot,2022-08-15 00:10:33,2022,0
89452504,1660522233000.0,60073437,8.89,2.13374,polo,dot-usdt,18.9689486,0.0,spot,dot,2022-08-15 00:10:33,2022,0
89452505,1660522238000.0,60073438,8.891,2.6189,polo,dot-usdt,23.2846399,0.0,spot,dot,2022-08-15 00:10:38,2022,0
89452506,1660522240000.0,60073439,8.89,1.49082,polo,dot-usdt,13.2533898,0.0,spot,dot,2022-08-15 00:10:40,2022,0
89452507,1660522246000.0,60073440,8.892,3.03438,polo,dot-usdt,26.98170696,0.0,spot,dot,2022-08-15 00:10:46,2022,0
89452508,1660522246000.0,60073441,8.892,3.0454900000000005,polo,dot-usdt,27.080497080000004,0.0,spot,dot,2022-08-15 00:10:46,2022,0
89452509,1660522247000.0,60073442,8.893,3.8830999999999998,polo,dot-usdt,34.5324083,0.0,spot,dot,2022-08-15 00:10:47,2022,0
89452510,1660522247000.0,60073443,8.893,0.05408999999999999,polo,dot-usdt,0.48102237,0.0,spot,dot,2022-08-15 00:10:47,2022,0
89452511,1660522255000.0,60073444,8.893,1.6740499999999998,polo,dot-usdt,14.88732665,0.0,spot,dot,2022-08-15 00:10:55,2022,0
89452512,1660522260000.0,60073445,8.895,3.87158,polo,dot-usdt,34.4377041,0.0,spot,dot,2022-08-15 00:11:00,2022,0
89452513,1660522269000.0,60073446,8.919,7.468439999999999,polo,dot-usdt,66.61101636,0.0,spot,dot,2022-08-15 00:11:09,2022,0
89452514,1660522273000.0,60073447,8.907,5.52125,polo,dot-usdt,49.17777375,0.0,spot,dot,2022-08-15 00:11:13,2022,0
89452515,1660522277000.0,60073448,8.925,4.922809999999999,polo,dot-usdt,43.93607925,0.0,spot,dot,2022-08-15 00:11:17,2022,0
89452516,1660522282000.0,60073449,8.925,3.48615,polo,dot-usdt,31.11388875,0.0,spot,dot,2022-08-15 00:11:22,2022,0
89452517,1660522286000.0,60073450,8.925,0.009179999999999999,polo,dot-usdt,0.08193149999999999,0.0,spot,dot,2022-08-15 00:11:26,2022,0
89452518,1660522290000.0,60073451,8.925,3.1593899999999997,polo,dot-usdt,28.19755575,0.0,spot,dot,2022-08-15 00:11:30,2022,0
89452519,1660522299000.0,60073452,8.918,7.2047,polo,dot-usdt,64.2515146,0.0,spot,dot,2022-08-15 00:11:39,2022,0
89452520,1660522304000.0,60073453,8.93,2.1080200000000002,polo,dot-usdt,18.8246186,0.0,spot,dot,2022-08-15 00:11:44,2022,0
89452521,1660522317000.0,60073454,8.931,7.349559999999999,polo,dot-usdt,65.63892035999999,0.0,spot,dot,2022-08-15 00:11:57,2022,0
89452522,1660522322000.0,60073455,8.931,2.16911,polo,dot-usdt,19.372321409999998,0.0,spot,dot,2022-08-15 00:12:02,2022,0
89452523,1660522330000.0,60073456,8.911,2.33576,polo,dot-usdt,20.81395736,0.0,spot,dot,2022-08-15 00:12:10,2022,0
89452524,1660522361000.0,60073457,8.909,2.75849,polo,dot-usdt,24.57538741,0.0,spot,dot,2022-08-15 00:12:41,2022,0
89452525,1660522362000.0,60073458,8.909,1.4961499999999999,polo,dot-usdt,13.32920035,0.0,spot,dot,2022-08-15 00:12:42,2022,0
89452526,1660522362000.0,60073459,8.909,1.34486,polo,dot-usdt,11.98135774,0.0,spot,dot,2022-08-15 00:12:42,2022,0
89452527,1660522370000.0,60073460,8.899,6.656759999999999,polo,dot-usdt,59.23850723999999,0.0,spot,dot,2022-08-15 00:12:50,2022,0
89452528,1660522379000.0,60073461,8.919,2.4964399999999998,polo,dot-usdt,22.26574836,0.0,spot,dot,2022-08-15 00:12:59,2022,0
89452529,1660522379000.0,60073462,8.919,2.50562,polo,dot-usdt,22.34762478,0.0,spot,dot,2022-08-15 00:12:59,2022,0
89452530,1660522379000.0,60073463,8.919,0.42677,polo,dot-usdt,3.80636163,0.0,spot,dot,2022-08-15 00:12:59,2022,0
89452531,1660522385000.0,60073464,8.939,2.3165,polo,dot-usdt,20.7071935,0.0,spot,dot,2022-08-15 00:13:05,2022,0
89452532,1660522385000.0,60073465,8.939,2.30972,polo,dot-usdt,20.64658708,0.0,spot,dot,2022-08-15 00:13:05,2022,0
89452533,1660522390000.0,60073466,8.938,5.31,polo,dot-usdt,47.46078,0.0,spot,dot,2022-08-15 00:13:10,2022,0
89452534,1660522390000.0,60073467,8.938,0.04776,polo,dot-usdt,0.42687888,0.0,spot,dot,2022-08-15 00:13:10,2022,0
89452535,1660522410000.0,60073468,8.913,3.4036,polo,dot-usdt,30.3362868,0.0,spot,dot,2022-08-15 00:13:30,2022,0
89452536,1660522414000.0,60073469,8.901,6.36991,polo,dot-usdt,56.69856891,0.0,spot,dot,2022-08-15 00:13:34,2022,0
89452537,1660522418000.0,60073470,8.919,6.282189999999999,polo,dot-usdt,56.03085261,0.0,spot,dot,2022-08-15 00:13:38,2022,0
89452538,1660522423000.0,60073471,8.904,6.73996,polo,dot-usdt,60.01260384,0.0,spot,dot,2022-08-15 00:13:43,2022,0
89452539,1660522427000.0,60073472,8.896,2.6167999999999996,polo,dot-usdt,23.2790528,0.0,spot,dot,2022-08-15 00:13:47,2022,0
89452540,1660522427000.0,60073473,8.896,0.09958,polo,dot-usdt,0.88586368,0.0,spot,dot,2022-08-15 00:13:47,2022,0
89452541,1660522441000.0,60073474,8.906,2.7374799999999997,polo,dot-usdt,24.37999688,0.0,spot,dot,2022-08-15 00:14:01,2022,0
89452542,1660522445000.0,60073475,8.912,3.2187099999999997,polo,dot-usdt,28.68514352,0.0,spot,dot,2022-08-15 00:14:05,2022,0
89452543,1660522449000.0,60073476,8.901,5.4671199999999995,polo,dot-usdt,48.66283512,0.0,spot,dot,2022-08-15 00:14:09,2022,0
89452544,1660522453000.0,60073477,8.895,3.72267,polo,dot-usdt,33.11314965,0.0,spot,dot,2022-08-15 00:14:13,2022,0
89452545,1660522458000.0,60073478,8.909,6.508729999999999,polo,dot-usdt,57.98627557,0.0,spot,dot,2022-08-15 00:14:18,2022,0
89452546,1660522462000.0,60073479,8.899,6.942229999999999,polo,dot-usdt,61.77890476999998,0.0,spot,dot,2022-08-15 00:14:22,2022,0
89452547,1660522467000.0,60073480,8.911,3.81974,polo,dot-usdt,34.03770314,0.0,spot,dot,2022-08-15 00:14:27,2022,0
89452548,1660522471000.0,60073481,8.917,4.21099,polo,dot-usdt,37.54939783,0.0,spot,dot,2022-08-15 00:14:31,2022,0
89452549,1660522476000.0,60073482,8.922,7.11161,polo,dot-usdt,63.44978442,0.0,spot,dot,2022-08-15 00:14:36,2022,0
89452550,1660522480000.0,60073483,8.905,2.0052900000000005,polo,dot-usdt,17.857107450000004,0.0,spot,dot,2022-08-15 00:14:40,2022,0
89452551,1660522489000.0,60073484,8.904,7.61193,polo,dot-usdt,67.77662472,0.0,spot,dot,2022-08-15 00:14:49,2022,0
89452552,1660522491000.0,60073485,8.927,1.6801300000000001,polo,dot-usdt,14.99852051,0.0,spot,dot,2022-08-15 00:14:51,2022,0
89452553,1660522494000.0,60073486,8.916,3.56926,polo,dot-usdt,31.82352216,0.0,spot,dot,2022-08-15 00:14:54,2022,0
89452554,1660522503000.0,60073487,8.909,5.45481,polo,dot-usdt,48.59690229,0.0,spot,dot,2022-08-15 00:15:03,2022,0
89452555,1660522507000.0,60073488,8.919,6.110849999999999,polo,dot-usdt,54.50267115,0.0,spot,dot,2022-08-15 00:15:07,2022,0
89452556,1660522509000.0,60073489,8.919,0.07774,polo,dot-usdt,0.69336306,0.0,spot,dot,2022-08-15 00:15:09,2022,0
89452557,1660522512000.0,60073490,8.905,3.0224,polo,dot-usdt,26.914472,0.0,spot,dot,2022-08-15 00:15:12,2022,0
89452558,1660522516000.0,60073491,8.897,3.41525,polo,dot-usdt,30.38547925,0.0,spot,dot,2022-08-15 00:15:16,2022,0
89452559,1660522520000.0,60073492,8.909,6.994009999999999,polo,dot-usdt,62.30963509,0.0,spot,dot,2022-08-15 00:15:20,2022,0
89452560,1660522525000.0,60073493,8.915,2.50381,polo,dot-usdt,22.32146615,0.0,spot,dot,2022-08-15 00:15:25,2022,0
89452561,1660522565000.0,60073494,8.914,7.372129999999999,polo,dot-usdt,65.71516682,0.0,spot,dot,2022-08-15 00:16:05,2022,0
89452562,1660522569000.0,60073495,8.926,3.7582099999999996,polo,dot-usdt,33.54578246,0.0,spot,dot,2022-08-15 00:16:09,2022,0
89452563,1660522580000.0,60073496,8.91,2.12933,polo,dot-usdt,18.9723303,0.0,spot,dot,2022-08-15 00:16:20,2022,0
89452564,1660522586000.0,60073497,8.901,2.10317,polo,dot-usdt,18.72031617,0.0,spot,dot,2022-08-15 00:16:26,2022,0
89452565,1660522591000.0,60073498,8.905,3.48356,polo,dot-usdt,31.0211018,0.0,spot,dot,2022-08-15 00:16:31,2022,0
89452566,1660522595000.0,60073499,8.898,6.92901,polo,dot-usdt,61.65433098,0.0,spot,dot,2022-08-15 00:16:35,2022,0
89452567,1660522600000.0,60073500,8.904,5.0815600000000005,polo,dot-usdt,45.24621024,0.0,spot,dot,2022-08-15 00:16:40,2022,0
89452568,1660522604000.0,60073501,8.907,3.08908,polo,dot-usdt,27.51443556,0.0,spot,dot,2022-08-15 00:16:44,2022,0
89452569,1660522608000.0,60073502,8.907,4.8553,polo,dot-usdt,43.2461571,0.0,spot,dot,2022-08-15 00:16:48,2022,0
89452570,1660522613000.0,60073503,8.907,8.047460000000001,polo,dot-usdt,71.67872622000002,0.0,spot,dot,2022-08-15 00:16:53,2022,0
89452572,1660522626000.0,60073505,8.898,2.45973,polo,dot-usdt,21.886677539999997,0.0,spot,dot,2022-08-15 00:17:06,2022,0
89452573,1660522630000.0,60073506,8.892,2.29785,polo,dot-usdt,20.4324822,0.0,spot,dot,2022-08-15 00:17:10,2022,0
89452574,1660522679000.0,60073507,8.904,2.54989,polo,dot-usdt,22.70422056,0.0,spot,dot,2022-08-15 00:17:59,2022,0
89452575,1660522688000.0,60073508,8.904,5.62099,polo,dot-usdt,50.04929496,0.0,spot,dot,2022-08-15 00:18:08,2022,0
89452576,1660522689000.0,60073509,8.904,0.00407,polo,dot-usdt,0.03623928,0.0,spot,dot,2022-08-15 00:18:09,2022,0
89452577,1660522691000.0,60073510,8.91,2.9999999999999997e-05,polo,dot-usdt,0.0002673,0.0,spot,dot,2022-08-15 00:18:11,2022,0
89452578,1660522692000.0,60073511,8.909,7.8724599999999985,polo,dot-usdt,70.13574614,0.0,spot,dot,2022-08-15 00:18:12,2022,0
89452579,1660522696000.0,60073512,8.925,1.8889999999999996,polo,dot-usdt,16.859325,0.0,spot,dot,2022-08-15 00:18:16,2022,0
89452580,1660522749000.0,60073513,8.923,4.05112,polo,dot-usdt,36.14814376,0.0,spot,dot,2022-08-15 00:19:09,2022,0
89452581,1660522753000.0,60073514,8.928,7.51673,polo,dot-usdt,67.10936544,0.0,spot,dot,2022-08-15 00:19:13,2022,0
89452582,1660522758000.0,60073515,8.928,2.15961,polo,dot-usdt,19.28099808,0.0,spot,dot,2022-08-15 00:19:18,2022,0
89452583,1660522762000.0,60073516,8.928,0.023479999999999997,polo,dot-usdt,0.20962944,0.0,spot,dot,2022-08-15 00:19:22,2022,0
89452584,1660522766000.0,60073517,8.928,2.3779199999999996,polo,dot-usdt,21.23006976,0.0,spot,dot,2022-08-15 00:19:26,2022,0
89452585,1660522775000.0,60073518,8.928,6.078119999999999,polo,dot-usdt,54.26545536,0.0,spot,dot,2022-08-15 00:19:35,2022,0
89452586,1660522780000.0,60073519,8.936,7.12545,polo,dot-usdt,63.6730212,0.0,spot,dot,2022-08-15 00:19:40,2022,0
89452587,1660522784000.0,60073520,8.936,5.39848,polo,dot-usdt,48.24081728,0.0,spot,dot,2022-08-15 00:19:44,2022,0
89452588,1660522789000.0,60073521,8.939,4.6618200000000005,polo,dot-usdt,41.67200898000001,0.0,spot,dot,2022-08-15 00:19:49,2022,0
89452589,1660522793000.0,60073522,8.941,2.1012,polo,dot-usdt,18.7868292,0.0,spot,dot,2022-08-15 00:19:53,2022,0
89452590,1660522793000.0,60073523,8.941,0.00013,polo,dot-usdt,0.00116233,0.0,spot,dot,2022-08-15 00:19:53,2022,0
89452591,1660522793000.0,60073524,8.929,8.98594,polo,dot-usdt,80.23545826,0.0,spot,dot,2022-08-15 00:19:53,2022,0
89452592,1660522797000.0,60073525,8.941,7.30536,polo,dot-usdt,65.31722376,0.0,spot,dot,2022-08-15 00:19:57,2022,0
89452593,1660522802000.0,60073526,8.94,5.764330000000001,polo,dot-usdt,51.53311020000001,0.0,spot,dot,2022-08-15 00:20:02,2022,0
89452594,1660522805000.0,60073527,8.94,0.12993000000000002,polo,dot-usdt,1.1615742,0.0,spot,dot,2022-08-15 00:20:05,2022,0
89452595,1660522811000.0,60073528,8.936,3.05031,polo,dot-usdt,27.25757016,0.0,spot,dot,2022-08-15 00:20:11,2022,0
89452596,1660522815000.0,60073529,8.939,3.278,polo,dot-usdt,29.302042,0.0,spot,dot,2022-08-15 00:20:15,2022,0
89452597,1660522819000.0,60073530,8.941,3.0112799999999997,polo,dot-usdt,26.92385448,0.0,spot,dot,2022-08-15 00:20:19,2022,0
89452598,1660522828000.0,60073531,8.941,0.73213,polo,dot-usdt,6.54597433,0.0,spot,dot,2022-08-15 00:20:28,2022,0
89452600,1660522841000.0,60073533,8.942,1.53969,polo,dot-usdt,13.76790798,0.0,spot,dot,2022-08-15 00:20:41,2022,0
89452601,1660522850000.0,60073534,8.942,0.72025,polo,dot-usdt,6.4404755,0.0,spot,dot,2022-08-15 00:20:50,2022,0
89452602,1660522859000.0,60073535,8.943,2.11837,polo,dot-usdt,18.94458291,0.0,spot,dot,2022-08-15 00:20:59,2022,0
89452603,1660522865000.0,60073536,8.944,5.133430000000001,polo,dot-usdt,45.91339792000001,0.0,spot,dot,2022-08-15 00:21:05,2022,0
89452604,1660522872000.0,60073537,8.947,1.91107,polo,dot-usdt,17.09834329,0.0,spot,dot,2022-08-15 00:21:12,2022,0
89452605,1660522885000.0,60073538,8.953,4.77661,polo,dot-usdt,42.76498933,0.0,spot,dot,2022-08-15 00:21:25,2022,0
89452606,1660522885000.0,60073539,8.953,0.13233,polo,dot-usdt,1.1847504899999999,0.0,spot,dot,2022-08-15 00:21:25,2022,0
89452607,1660522894000.0,60073540,8.982,0.9717000000000001,polo,dot-usdt,8.7278094,0.0,spot,dot,2022-08-15 00:21:34,2022,0
89452608,1660522897000.0,60073541,8.983,7.237449999999999,polo,dot-usdt,65.01401335,0.0,spot,dot,2022-08-15 00:21:37,2022,0
89452609,1660522898000.0,60073542,8.982,8e-05,polo,dot-usdt,0.00071856,0.0,spot,dot,2022-08-15 00:21:38,2022,0
89452610,1660522899000.0,60073543,8.974,0.91208,polo,dot-usdt,8.18500592,0.0,spot,dot,2022-08-15 00:21:39,2022,0
89452611,1660522902000.0,60073544,8.974,0.011229999999999999,polo,dot-usdt,0.10077802,0.0,spot,dot,2022-08-15 00:21:42,2022,0
89452612,1660522903000.0,60073545,8.967,2.1998499999999996,polo,dot-usdt,19.726054949999998,0.0,spot,dot,2022-08-15 00:21:43,2022,0
89452613,1660522907000.0,60073546,8.966,1.04041,polo,dot-usdt,9.32831606,0.0,spot,dot,2022-08-15 00:21:47,2022,0
89452614,1660522908000.0,60073547,8.966,0.00922,polo,dot-usdt,0.08266652000000001,0.0,spot,dot,2022-08-15 00:21:48,2022,0
89452615,1660522909000.0,60073548,8.965,0.33355,polo,dot-usdt,2.99027575,0.0,spot,dot,2022-08-15 00:21:49,2022,0
89452616,1660522920000.0,60073549,8.963,1.6485100000000001,polo,dot-usdt,14.77559513,0.0,spot,dot,2022-08-15 00:22:00,2022,0
89452617,1660522925000.0,60073550,8.964,0.8364999999999999,polo,dot-usdt,7.498385999999999,0.0,spot,dot,2022-08-15 00:22:05,2022,0
89452618,1660522929000.0,60073551,8.965,9.6723,polo,dot-usdt,86.7121695,0.0,spot,dot,2022-08-15 00:22:09,2022,0
89452619,1660522929000.0,60073552,8.965,9.68267,polo,dot-usdt,86.80513655,0.0,spot,dot,2022-08-15 00:22:09,2022,0
89452620,1660522934000.0,60073553,8.964,1.49307,polo,dot-usdt,13.38387948,0.0,spot,dot,2022-08-15 00:22:14,2022,0
89452621,1660522938000.0,60073554,8.963,0.96287,polo,dot-usdt,8.63020381,0.0,spot,dot,2022-08-15 00:22:18,2022,0
89452622,1660522940000.0,60073555,8.963,0.04113,polo,dot-usdt,0.36864819,0.0,spot,dot,2022-08-15 00:22:20,2022,0
89452623,1660522940000.0,60073556,8.943,0.07212,polo,dot-usdt,0.64496916,0.0,spot,dot,2022-08-15 00:22:20,2022,0
89452624,1660522951000.0,60073557,8.942,8.01286,polo,dot-usdt,71.65099412000001,0.0,spot,dot,2022-08-15 00:22:31,2022,0
89452625,1660522951000.0,60073558,8.942,3.40848,polo,dot-usdt,30.47862816,0.0,spot,dot,2022-08-15 00:22:31,2022,0
89452626,1660522963000.0,60073559,8.96,0.15542999999999998,polo,dot-usdt,1.3926528,0.0,spot,dot,2022-08-15 00:22:43,2022,0
89452627,1660522964000.0,60073560,8.96,1.9804499999999996,polo,dot-usdt,17.744832,0.0,spot,dot,2022-08-15 00:22:44,2022,0
89452628,1660522968000.0,60073561,8.96,0.00114,polo,dot-usdt,0.0102144,0.0,spot,dot,2022-08-15 00:22:48,2022,0
89452629,1660522968000.0,60073562,8.966,6.13278,polo,dot-usdt,54.98650548,0.0,spot,dot,2022-08-15 00:22:48,2022,0
89452630,1660522968000.0,60073563,8.966,6.117640000000001,polo,dot-usdt,54.85076024,0.0,spot,dot,2022-08-15 00:22:48,2022,0
89452631,1660522973000.0,60073564,8.959,1.75479,polo,dot-usdt,15.72116361,0.0,spot,dot,2022-08-15 00:22:53,2022,0
89452632,1660522974000.0,60073565,8.937,0.2,polo,dot-usdt,1.7873999999999999,0.0,spot,dot,2022-08-15 00:22:54,2022,0
89452633,1660522977000.0,60073566,8.959,1.28793,polo,dot-usdt,11.53856487,0.0,spot,dot,2022-08-15 00:22:57,2022,0
89452634,1660522982000.0,60073567,8.958,1.63862,polo,dot-usdt,14.67875796,0.0,spot,dot,2022-08-15 00:23:02,2022,0
89452635,1660522985000.0,60073568,8.937,8.66487,polo,dot-usdt,77.43794319,0.0,spot,dot,2022-08-15 00:23:05,2022,0
89452636,1660522991000.0,60073569,8.938,0.18766999999999998,polo,dot-usdt,1.67739446,0.0,spot,dot,2022-08-15 00:23:11,2022,0
89452637,1660522995000.0,60073570,8.958,1.88487,polo,dot-usdt,16.88466546,0.0,spot,dot,2022-08-15 00:23:15,2022,0
89452638,1660523004000.0,60073571,8.965,0.91949,polo,dot-usdt,8.24322785,0.0,spot,dot,2022-08-15 00:23:24,2022,0
89452639,1660523004000.0,60073572,8.965,0.005900000000000001,polo,dot-usdt,0.0528935,0.0,spot,dot,2022-08-15 00:23:24,2022,0
89452640,1660523011000.0,60073573,8.931,2.9651599999999996,polo,dot-usdt,26.481843959999992,0.0,spot,dot,2022-08-15 00:23:31,2022,0
89452641,1660523012000.0,60073574,8.957,0.9455799999999999,polo,dot-usdt,8.46956006,0.0,spot,dot,2022-08-15 00:23:32,2022,0
89452642,1660523017000.0,60073575,8.956,2.19026,polo,dot-usdt,19.61596856,0.0,spot,dot,2022-08-15 00:23:37,2022,0
89452643,1660523018000.0,60073576,8.931,2.9222399999999995,polo,dot-usdt,26.098525439999992,0.0,spot,dot,2022-08-15 00:23:38,2022,0
89452644,1660523021000.0,60073577,8.955,2.1016,polo,dot-usdt,18.819828,0.0,spot,dot,2022-08-15 00:23:41,2022,0
89452645,1660523024000.0,60073578,8.955,0.05950999999999999,polo,dot-usdt,0.53291205,0.0,spot,dot,2022-08-15 00:23:44,2022,0
89452646,1660523024000.0,60073579,8.931,8.57663,polo,dot-usdt,76.59788252999999,0.0,spot,dot,2022-08-15 00:23:44,2022,0
89452647,1660523025000.0,60073580,8.931,8.667689999999999,polo,dot-usdt,77.41113938999997,0.0,spot,dot,2022-08-15 00:23:45,2022,0
89452648,1660523030000.0,60073581,8.955,1.00115,polo,dot-usdt,8.96529825,0.0,spot,dot,2022-08-15 00:23:50,2022,0
89452649,1660523034000.0,60073582,8.954,0.87408,polo,dot-usdt,7.82651232,0.0,spot,dot,2022-08-15 00:23:54,2022,0
89452650,1660523039000.0,60073583,8.953,1.58051,polo,dot-usdt,14.15030603,0.0,spot,dot,2022-08-15 00:23:59,2022,0
89452651,1660523043000.0,60073584,8.965,1.58761,polo,dot-usdt,14.23292365,0.0,spot,dot,2022-08-15 00:24:03,2022,0
89452652,1660523044000.0,60073585,8.965,0.00029,polo,dot-usdt,0.00259985,0.0,spot,dot,2022-08-15 00:24:04,2022,0
89452653,1660523047000.0,60073586,8.954,2.0533699999999997,polo,dot-usdt,18.385874979999997,0.0,spot,dot,2022-08-15 00:24:07,2022,0
89452654,1660523061000.0,60073587,8.957,1.4233699999999998,polo,dot-usdt,12.74912509,0.0,spot,dot,2022-08-15 00:24:21,2022,0
89452655,1660523091000.0,60073588,8.956,0.82869,polo,dot-usdt,7.4217476399999995,0.0,spot,dot,2022-08-15 00:24:51,2022,0
89452656,1660523096000.0,60073589,8.955,1.27258,polo,dot-usdt,11.3959539,0.0,spot,dot,2022-08-15 00:24:56,2022,0
89452657,1660523104000.0,60073590,8.956,1.0370800000000002,polo,dot-usdt,9.28808848,0.0,spot,dot,2022-08-15 00:25:04,2022,0
89452658,1660523117000.0,60073591,8.956,1.52609,polo,dot-usdt,13.667662039999998,0.0,spot,dot,2022-08-15 00:25:17,2022,0
89452659,1660523126000.0,60073592,8.956,0.89399,polo,dot-usdt,8.00657444,0.0,spot,dot,2022-08-15 00:25:26,2022,0
89452660,1660523135000.0,60073593,8.956,0.9718800000000001,polo,dot-usdt,8.70415728,0.0,spot,dot,2022-08-15 00:25:35,2022,0
89452661,1660523144000.0,60073594,8.955,1.17231,polo,dot-usdt,10.49803605,0.0,spot,dot,2022-08-15 00:25:44,2022,0
89452662,1660523152000.0,60073595,8.956,2.07532,polo,dot-usdt,18.586565919999998,0.0,spot,dot,2022-08-15 00:25:52,2022,0
89452663,1660523157000.0,60073596,8.955,1.9227199999999998,polo,dot-usdt,17.2179576,0.0,spot,dot,2022-08-15 00:25:57,2022,0
89452664,1660523162000.0,60073597,8.954,1.43884,polo,dot-usdt,12.88337336,0.0,spot,dot,2022-08-15 00:26:02,2022,0
89452665,1660523166000.0,60073598,8.959,1.29641,polo,dot-usdt,11.61453719,0.0,spot,dot,2022-08-15 00:26:06,2022,0
89452666,1660523167000.0,60073599,8.959,0.05423,polo,dot-usdt,0.48584657,0.0,spot,dot,2022-08-15 00:26:07,2022,0
89452667,1660523170000.0,60073600,8.955,1.09684,polo,dot-usdt,9.8222022,0.0,spot,dot,2022-08-15 00:26:10,2022,0
89452668,1660523179000.0,60073601,8.955,1.04545,polo,dot-usdt,9.36200475,0.0,spot,dot,2022-08-15 00:26:19,2022,0
89452669,1660523183000.0,60073602,8.954,2.17931,polo,dot-usdt,19.51354174,0.0,spot,dot,2022-08-15 00:26:23,2022,0
89452670,1660523188000.0,60073603,8.953,2.2281,polo,dot-usdt,19.9481793,0.0,spot,dot,2022-08-15 00:26:28,2022,0
89452671,1660523197000.0,60073604,8.952,1.31227,polo,dot-usdt,11.74744104,0.0,spot,dot,2022-08-15 00:26:37,2022,0
89452672,1660523201000.0,60073605,8.952,1.4957799999999999,polo,dot-usdt,13.39022256,0.0,spot,dot,2022-08-15 00:26:41,2022,0
89452673,1660523205000.0,60073606,8.952,1.8765599999999998,polo,dot-usdt,16.79896512,0.0,spot,dot,2022-08-15 00:26:45,2022,0
89452674,1660523210000.0,60073607,8.96,1.7129499999999998,polo,dot-usdt,15.348032,0.0,spot,dot,2022-08-15 00:26:50,2022,0
89452675,1660523214000.0,60073608,8.96,0.6898099999999999,polo,dot-usdt,6.1806976,0.0,spot,dot,2022-08-15 00:26:54,2022,0
89452676,1660523219000.0,60073609,8.96,0.9562099999999999,polo,dot-usdt,8.5676416,0.0,spot,dot,2022-08-15 00:26:59,2022,0
89452677,1660523223000.0,60073610,8.959,0.78624,polo,dot-usdt,7.04392416,0.0,spot,dot,2022-08-15 00:27:03,2022,0
89452678,1660523232000.0,60073611,8.96,0.9512099999999999,polo,dot-usdt,8.5228416,0.0,spot,dot,2022-08-15 00:27:12,2022,0
89452679,1660523241000.0,60073612,8.96,0.92258,polo,dot-usdt,8.2663168,0.0,spot,dot,2022-08-15 00:27:21,2022,0
89452680,1660523250000.0,60073613,8.959,0.73297,polo,dot-usdt,6.56667823,0.0,spot,dot,2022-08-15 00:27:30,2022,0
89452681,1660523253000.0,60073614,8.959,0.03394,polo,dot-usdt,0.30406846,0.0,spot,dot,2022-08-15 00:27:33,2022,0
89452682,1660523254000.0,60073615,8.959,2.22048,polo,dot-usdt,19.89328032,0.0,spot,dot,2022-08-15 00:27:34,2022,0
89452683,1660523257000.0,60073616,8.959,0.03493,polo,dot-usdt,0.31293787,0.0,spot,dot,2022-08-15 00:27:37,2022,0
89452684,1660523263000.0,60073617,8.958,0.79662,polo,dot-usdt,7.1361219600000005,0.0,spot,dot,2022-08-15 00:27:43,2022,0
89452685,1660523270000.0,60073618,8.957,1.4027999999999998,polo,dot-usdt,12.5648796,0.0,spot,dot,2022-08-15 00:27:50,2022,0
89452686,1660523294000.0,60073619,8.958,2.01029,polo,dot-usdt,18.00817782,0.0,spot,dot,2022-08-15 00:28:14,2022,0
89452687,1660523303000.0,60073620,8.958,1.32327,polo,dot-usdt,11.85385266,0.0,spot,dot,2022-08-15 00:28:23,2022,0
89452688,1660523311000.0,60073621,8.958,0.7367,polo,dot-usdt,6.5993586,0.0,spot,dot,2022-08-15 00:28:31,2022,0
89452689,1660523320000.0,60073622,8.958,1.64978,polo,dot-usdt,14.77872924,0.0,spot,dot,2022-08-15 00:28:40,2022,0
89452690,1660523329000.0,60073623,8.957,0.8994,polo,dot-usdt,8.0559258,0.0,spot,dot,2022-08-15 00:28:49,2022,0
89452691,1660523342000.0,60073624,8.957,0.84453,polo,dot-usdt,7.56445521,0.0,spot,dot,2022-08-15 00:29:02,2022,0
89452692,1660523351000.0,60073625,8.956,1.44921,polo,dot-usdt,12.97912476,0.0,spot,dot,2022-08-15 00:29:11,2022,0
89452693,1660523356000.0,60073626,8.955,1.9171399999999998,polo,dot-usdt,17.1679887,0.0,spot,dot,2022-08-15 00:29:16,2022,0
89452694,1660523364000.0,60073627,8.954,1.38042,polo,dot-usdt,12.36028068,0.0,spot,dot,2022-08-15 00:29:24,2022,0
89452695,1660523368000.0,60073628,8.946,0.81628,polo,dot-usdt,7.30244088,0.0,spot,dot,2022-08-15 00:29:28,2022,0
89452696,1660523373000.0,60073629,8.942,2.14444,polo,dot-usdt,19.17558248,0.0,spot,dot,2022-08-15 00:29:33,2022,0
89452697,1660523377000.0,60073630,8.948,1.2740799999999999,polo,dot-usdt,11.40046784,0.0,spot,dot,2022-08-15 00:29:37,2022,0
89452698,1660523390000.0,60073631,8.946,1.8224400000000003,polo,dot-usdt,16.30354824,0.0,spot,dot,2022-08-15 00:29:50,2022,0
89452699,1660523395000.0,60073632,8.942,1.94238,polo,dot-usdt,17.36876196,0.0,spot,dot,2022-08-15 00:29:55,2022,0
89452700,1660523399000.0,60073633,8.94,1.04323,polo,dot-usdt,9.3264762,0.0,spot,dot,2022-08-15 00:29:59,2022,0
89452701,1660523403000.0,60073634,8.947,2.1249900000000004,polo,dot-usdt,19.012285530000003,0.0,spot,dot,2022-08-15 00:30:03,2022,0
89452702,1660523408000.0,60073635,8.95,1.7024900000000003,polo,dot-usdt,15.2372855,0.0,spot,dot,2022-08-15 00:30:08,2022,0
89452703,1660523412000.0,60073636,8.944,0.92827,polo,dot-usdt,8.302446880000002,0.0,spot,dot,2022-08-15 00:30:12,2022,0
89452704,1660523417000.0,60073637,8.949,2.10894,polo,dot-usdt,18.87290406,0.0,spot,dot,2022-08-15 00:30:17,2022,0
89452705,1660523426000.0,60073638,8.946,1.58256,polo,dot-usdt,14.15758176,0.0,spot,dot,2022-08-15 00:30:26,2022,0
89452706,1660523430000.0,60073639,8.942,0.96999,polo,dot-usdt,8.67365058,0.0,spot,dot,2022-08-15 00:30:30,2022,0
89452707,1660523438000.0,60073640,8.941,0.8794,polo,dot-usdt,7.8627154,0.0,spot,dot,2022-08-15 00:30:38,2022,0
89452708,1660523443000.0,60073641,8.94,0.75812,polo,dot-usdt,6.7775928,0.0,spot,dot,2022-08-15 00:30:43,2022,0
89452709,1660523447000.0,60073642,8.939,1.86155,polo,dot-usdt,16.64039545,0.0,spot,dot,2022-08-15 00:30:47,2022,0
89452710,1660523452000.0,60073643,8.947,0.7905600000000002,polo,dot-usdt,7.073140320000001,0.0,spot,dot,2022-08-15 00:30:52,2022,0
89452711,1660523461000.0,60073644,8.948,1.25904,polo,dot-usdt,11.26588992,0.0,spot,dot,2022-08-15 00:31:01,2022,0
89452712,1660523469000.0,60073645,8.944,1.2471100000000002,polo,dot-usdt,11.154151840000003,0.0,spot,dot,2022-08-15 00:31:09,2022,0
89452713,1660523474000.0,60073646,8.939,0.82268,polo,dot-usdt,7.3539365199999995,0.0,spot,dot,2022-08-15 00:31:14,2022,0
89452714,1660523478000.0,60073647,8.954,1.6896799999999998,polo,dot-usdt,15.12939472,0.0,spot,dot,2022-08-15 00:31:18,2022,0
89452715,1660523487000.0,60073648,8.959,1.07804,polo,dot-usdt,9.65816036,0.0,spot,dot,2022-08-15 00:31:27,2022,0
89452716,1660523513000.0,60073649,8.966,1.78074,polo,dot-usdt,15.96611484,0.0,spot,dot,2022-08-15 00:31:53,2022,0
89452717,1660523522000.0,60073650,8.967,0.81616,polo,dot-usdt,7.31850672,0.0,spot,dot,2022-08-15 00:32:02,2022,0
89452718,1660523531000.0,60073651,8.969,1.21509,polo,dot-usdt,10.89814221,0.0,spot,dot,2022-08-15 00:32:11,2022,0
89452719,1660523535000.0,60073652,8.976,1.8765900000000002,polo,dot-usdt,16.844271840000005,0.0,spot,dot,2022-08-15 00:32:15,2022,0
89452720,1660523549000.0,60073653,8.977,0.7394999999999999,polo,dot-usdt,6.6384915,0.0,spot,dot,2022-08-15 00:32:29,2022,0
89452721,1660523562000.0,60073654,8.977,0.9576,polo,dot-usdt,8.5963752,0.0,spot,dot,2022-08-15 00:32:42,2022,0
89452722,1660523571000.0,60073655,8.98,1.5452299999999999,polo,dot-usdt,13.8761654,0.0,spot,dot,2022-08-15 00:32:51,2022,0
89452723,1660523579000.0,60073656,8.979,1.4271800000000001,polo,dot-usdt,12.81464922,0.0,spot,dot,2022-08-15 00:32:59,2022,0
89452724,1660523584000.0,60073657,8.974,1.43186,polo,dot-usdt,12.84951164,0.0,spot,dot,2022-08-15 00:33:04,2022,0
89452725,1660523588000.0,60073658,8.988,1.4744700000000002,polo,dot-usdt,13.25253636,0.0,spot,dot,2022-08-15 00:33:08,2022,0
89452726,1660523597000.0,60073659,8.99,1.8501799999999997,polo,dot-usdt,16.6331182,0.0,spot,dot,2022-08-15 00:33:17,2022,0
89452727,1660523602000.0,60073660,8.986,0.86703,polo,dot-usdt,7.79113158,0.0,spot,dot,2022-08-15 00:33:22,2022,0
89452728,1660523610000.0,60073661,8.995,2.16562,polo,dot-usdt,19.4797519,0.0,spot,dot,2022-08-15 00:33:30,2022,0
89452729,1660523614000.0,60073662,8.991,0.86636,polo,dot-usdt,7.78944276,0.0,spot,dot,2022-08-15 00:33:34,2022,0
89452730,1660523628000.0,60073663,8.992,0.9401499999999999,polo,dot-usdt,8.4538288,0.0,spot,dot,2022-08-15 00:33:48,2022,0
89452731,1660523632000.0,60073664,8.986,0.72556,polo,dot-usdt,6.519882160000001,0.0,spot,dot,2022-08-15 00:33:52,2022,0
89452732,1660523637000.0,60073665,8.985,0.8361200000000001,polo,dot-usdt,7.512538200000001,0.0,spot,dot,2022-08-15 00:33:57,2022,0
89452733,1660523645000.0,60073666,8.994,1.5651300000000001,polo,dot-usdt,14.07677922,0.0,spot,dot,2022-08-15 00:34:05,2022,0
89452734,1660523654000.0,60073667,8.996,1.44529,polo,dot-usdt,13.00182884,0.0,spot,dot,2022-08-15 00:34:14,2022,0
89452735,1660523663000.0,60073668,9.002,1.50497,polo,dot-usdt,13.54773994,0.0,spot,dot,2022-08-15 00:34:23,2022,0
89452736,1660523667000.0,60073669,9.002,0.052899999999999996,polo,dot-usdt,0.4762058,0.0,spot,dot,2022-08-15 00:34:27,2022,0
89452737,1660523667000.0,60073670,9.003,1.9149100000000001,polo,dot-usdt,17.23993473,0.0,spot,dot,2022-08-15 00:34:27,2022,0
89452738,1660523672000.0,60073671,9.027,2.0414100000000004,polo,dot-usdt,18.42780807,0.0,spot,dot,2022-08-15 00:34:32,2022,0
89452739,1660523676000.0,60073672,9.018,1.46536,polo,dot-usdt,13.21461648,0.0,spot,dot,2022-08-15 00:34:36,2022,0
89452740,1660523680000.0,60073673,9.032,1.0457,polo,dot-usdt,9.4447624,0.0,spot,dot,2022-08-15 00:34:40,2022,0
89452741,1660523680000.0,60073674,9.032,0.82748,polo,dot-usdt,7.47379936,0.0,spot,dot,2022-08-15 00:34:40,2022,0
89452742,1660523698000.0,60073675,9.021,1.65089,polo,dot-usdt,14.89267869,0.0,spot,dot,2022-08-15 00:34:58,2022,0
89452743,1660523703000.0,60073676,9.026,0.80212,polo,dot-usdt,7.23993512,0.0,spot,dot,2022-08-15 00:35:03,2022,0
89452744,1660523720000.0,60073677,9.02,0.8787200000000001,polo,dot-usdt,7.9260544,0.0,spot,dot,2022-08-15 00:35:20,2022,0
89452745,1660523725000.0,60073678,9.015,1.3198899999999998,polo,dot-usdt,11.89880835,0.0,spot,dot,2022-08-15 00:35:25,2022,0
89452746,1660523734000.0,60073679,9.02,1.60023,polo,dot-usdt,14.434074599999999,0.0,spot,dot,2022-08-15 00:35:34,2022,0
89452747,1660523784000.0,60073680,9.026,2.25285,polo,dot-usdt,20.3342241,0.0,spot,dot,2022-08-15 00:36:24,2022,0
89452748,1660523796000.0,60073681,9.031,1.722,polo,dot-usdt,15.551382,0.0,spot,dot,2022-08-15 00:36:36,2022,0
89452749,1660523798000.0,60073682,9.032,0.17376,polo,dot-usdt,1.56940032,0.0,spot,dot,2022-08-15 00:36:38,2022,0
89452750,1660523800000.0,60073683,9.047,2.30983,polo,dot-usdt,20.89703201,0.0,spot,dot,2022-08-15 00:36:40,2022,0
89452751,1660523804000.0,60073684,9.046,2.77226,polo,dot-usdt,25.07786396,0.0,spot,dot,2022-08-15 00:36:44,2022,0
89452752,1660523809000.0,60073685,9.045,0.83943,polo,dot-usdt,7.59264435,0.0,spot,dot,2022-08-15 00:36:49,2022,0
89452753,1660523817000.0,60073686,9.047,1.80607,polo,dot-usdt,16.33951529,0.0,spot,dot,2022-08-15 00:36:57,2022,0
89452754,1660523826000.0,60073687,9.046,0.8867300000000001,polo,dot-usdt,8.02135958,0.0,spot,dot,2022-08-15 00:37:06,2022,0
89452755,1660523839000.0,60073688,9.045,2.49401,polo,dot-usdt,22.55832045,0.0,spot,dot,2022-08-15 00:37:19,2022,0
89452756,1660523848000.0,60073689,9.044,0.9193399999999999,polo,dot-usdt,8.31451096,0.0,spot,dot,2022-08-15 00:37:28,2022,0
89452757,1660523857000.0,60073690,9.033,1.00645,polo,dot-usdt,9.09126285,0.0,spot,dot,2022-08-15 00:37:37,2022,0
89452758,1660523879000.0,60073691,9.044,1.0049499999999998,polo,dot-usdt,9.0887678,0.0,spot,dot,2022-08-15 00:37:59,2022,0
89452759,1660523888000.0,60073692,9.044,1.40386,polo,dot-usdt,12.696509840000001,0.0,spot,dot,2022-08-15 00:38:08,2022,0
89452760,1660523897000.0,60073693,9.044,2.10046,polo,dot-usdt,18.99656024,0.0,spot,dot,2022-08-15 00:38:17,2022,0
89452761,1660523901000.0,60073694,9.046,1.2058,polo,dot-usdt,10.9076668,0.0,spot,dot,2022-08-15 00:38:21,2022,0
89452762,1660523910000.0,60073695,9.046,0.21901,polo,dot-usdt,1.98116446,0.0,spot,dot,2022-08-15 00:38:30,2022,0
89452763,1660523910000.0,60073696,9.046,1.6292900000000001,polo,dot-usdt,14.73855734,0.0,spot,dot,2022-08-15 00:38:30,2022,0
89452764,1660523919000.0,60073697,9.046,2.09136,polo,dot-usdt,18.91844256,0.0,spot,dot,2022-08-15 00:38:39,2022,0
89452765,1660523927000.0,60073698,9.046,1.3706800000000001,polo,dot-usdt,12.399171280000001,0.0,spot,dot,2022-08-15 00:38:47,2022,0
89452766,1660523932000.0,60073699,9.045,2.03444,polo,dot-usdt,18.4015098,0.0,spot,dot,2022-08-15 00:38:52,2022,0
89452767,1660523936000.0,60073700,9.047,2.76781,polo,dot-usdt,25.04037707,0.0,spot,dot,2022-08-15 00:38:56,2022,0
89452768,1660523945000.0,60073701,9.047,0.48658,polo,dot-usdt,4.40208926,0.0,spot,dot,2022-08-15 00:39:05,2022,0
89452769,1660523945000.0,60073702,9.047,2.40707,polo,dot-usdt,21.77676229,0.0,spot,dot,2022-08-15 00:39:05,2022,0
89452770,1660523949000.0,60073703,9.005,1.82338,polo,dot-usdt,16.4195369,0.0,spot,dot,2022-08-15 00:39:09,2022,0
89452771,1660523949000.0,60073704,9.005,0.028079999999999997,polo,dot-usdt,0.2528604,0.0,spot,dot,2022-08-15 00:39:09,2022,0
89452772,1660523954000.0,60073705,9.006,1.89141,polo,dot-usdt,17.03403846,0.0,spot,dot,2022-08-15 00:39:14,2022,0
89452773,1660523958000.0,60073706,9.046,2.45104,polo,dot-usdt,22.17210784,0.0,spot,dot,2022-08-15 00:39:18,2022,0
89452774,1660523963000.0,60073707,9.045,1.09093,polo,dot-usdt,9.86746185,0.0,spot,dot,2022-08-15 00:39:23,2022,0
89452775,1660523963000.0,60073708,9.045,1e-05,polo,dot-usdt,9.045e-05,0.0,spot,dot,2022-08-15 00:39:23,2022,0
89452776,1660523967000.0,60073709,9.044,1.5994099999999998,polo,dot-usdt,14.465064039999998,0.0,spot,dot,2022-08-15 00:39:27,2022,0
89452777,1660523967000.0,60073710,9.044,0.031459999999999995,polo,dot-usdt,0.28452424,0.0,spot,dot,2022-08-15 00:39:27,2022,0
89452778,1660523971000.0,60073711,9.005,0.71549,polo,dot-usdt,6.44298745,0.0,spot,dot,2022-08-15 00:39:31,2022,0
89452779,1660523980000.0,60073712,9.008,1.7905400000000002,polo,dot-usdt,16.12918432,0.0,spot,dot,2022-08-15 00:39:40,2022,0
89452780,1660523982000.0,60073713,9.008,0.07006,polo,dot-usdt,0.63110048,0.0,spot,dot,2022-08-15 00:39:42,2022,0
89452781,1660523984000.0,60073714,9.006,0.20792,polo,dot-usdt,1.87252752,0.0,spot,dot,2022-08-15 00:39:44,2022,0
89452782,1660523984000.0,60073715,9.006,1.12106,polo,dot-usdt,10.09626636,0.0,spot,dot,2022-08-15 00:39:44,2022,0
89452783,1660523989000.0,60073716,9.029,2.9321800000000002,polo,dot-usdt,26.47465322,0.0,spot,dot,2022-08-15 00:39:49,2022,0
89452784,1660523993000.0,60073717,9.039,1.33064,polo,dot-usdt,12.02765496,0.0,spot,dot,2022-08-15 00:39:53,2022,0
89452785,1660524007000.0,60073718,9.031,1.17738,polo,dot-usdt,10.63291878,0.0,spot,dot,2022-08-15 00:40:07,2022,0
89452786,1660524042000.0,60073719,9.036,2.8443500000000004,polo,dot-usdt,25.701546600000004,0.0,spot,dot,2022-08-15 00:40:42,2022,0
89452787,1660524046000.0,60073720,9.026,2.10296,polo,dot-usdt,18.981316959999997,0.0,spot,dot,2022-08-15 00:40:46,2022,0
89452788,1660524087000.0,60073721,9.023,2.24917,polo,dot-usdt,20.29426091,0.0,spot,dot,2022-08-15 00:41:27,2022,0
89452789,1660524103000.0,60073722,9.047,1.28394,polo,dot-usdt,11.61580518,0.0,spot,dot,2022-08-15 00:41:43,2022,0
89452790,1660524117000.0,60073723,9.047,2.66756,polo,dot-usdt,24.13341532,0.0,spot,dot,2022-08-15 00:41:57,2022,0
89452791,1660524125000.0,60073724,9.047,0.97142,polo,dot-usdt,8.78843674,0.0,spot,dot,2022-08-15 00:42:05,2022,0
89452792,1660524139000.0,60073725,9.047,1.76822,polo,dot-usdt,15.997086340000001,0.0,spot,dot,2022-08-15 00:42:19,2022,0
89452793,1660524148000.0,60073726,9.047,2.44108,polo,dot-usdt,22.08445076,0.0,spot,dot,2022-08-15 00:42:28,2022,0
89452794,1660524148000.0,60073727,9.047,0.041229999999999996,polo,dot-usdt,0.37300781,0.0,spot,dot,2022-08-15 00:42:28,2022,0
89452795,1660524152000.0,60073728,9.047,1.2599699999999998,polo,dot-usdt,11.39894859,0.0,spot,dot,2022-08-15 00:42:32,2022,0
89452796,1660524165000.0,60073729,9.047,2.80316,polo,dot-usdt,25.36018852,0.0,spot,dot,2022-08-15 00:42:45,2022,0
89452797,1660524174000.0,60073730,9.047,0.9599899999999999,polo,dot-usdt,8.68502953,0.0,spot,dot,2022-08-15 00:42:54,2022,0
89452798,1660524183000.0,60073731,9.047,1.26351,polo,dot-usdt,11.43097497,0.0,spot,dot,2022-08-15 00:43:03,2022,0
89452799,1660524196000.0,60073732,9.047,0.8677999999999999,polo,dot-usdt,7.8509866,0.0,spot,dot,2022-08-15 00:43:16,2022,0
89452800,1660524200000.0,60073733,9.046,1.7814,polo,dot-usdt,16.1145444,0.0,spot,dot,2022-08-15 00:43:20,2022,0
89452801,1660524205000.0,60073734,9.045,1.87706,polo,dot-usdt,16.9780077,0.0,spot,dot,2022-08-15 00:43:25,2022,0
89452802,1660524253000.0,60073735,9.048,0.83951,polo,dot-usdt,7.59588648,0.0,spot,dot,2022-08-15 00:44:13,2022,0
89452803,1660524262000.0,60073736,9.047,1.88997,polo,dot-usdt,17.09855859,0.0,spot,dot,2022-08-15 00:44:22,2022,0
89452804,1660524267000.0,60073737,9.046,1.5347300000000001,polo,dot-usdt,13.88316758,0.0,spot,dot,2022-08-15 00:44:27,2022,0
89452805,1660524275000.0,60073738,9.047,2.3911499999999997,polo,dot-usdt,21.63273405,0.0,spot,dot,2022-08-15 00:44:35,2022,0
89452806,1660524280000.0,60073739,9.046,2.2857000000000003,polo,dot-usdt,20.6764422,0.0,spot,dot,2022-08-15 00:44:40,2022,0
89452807,1660524293000.0,60073740,9.047,1.3335299999999999,polo,dot-usdt,12.06444591,0.0,spot,dot,2022-08-15 00:44:53,2022,0
89452808,1660524298000.0,60073741,9.047,0.9301199999999998,polo,dot-usdt,8.41479564,0.0,spot,dot,2022-08-15 00:44:58,2022,0
89452809,1660524307000.0,60073742,9.047,2.4517499999999997,polo,dot-usdt,22.18098225,0.0,spot,dot,2022-08-15 00:45:07,2022,0
89452810,1660524315000.0,60073743,9.047,2.7744,polo,dot-usdt,25.099996800000003,0.0,spot,dot,2022-08-15 00:45:15,2022,0
89452811,1660524319000.0,60073744,9.048,1.06581,polo,dot-usdt,9.64344888,0.0,spot,dot,2022-08-15 00:45:19,2022,0
89452812,1660524320000.0,60073745,9.091,1.64081,polo,dot-usdt,14.91660371,0.0,spot,dot,2022-08-15 00:45:20,2022,0
89452813,1660524325000.0,60073746,9.089,0.77632,polo,dot-usdt,7.05597248,0.0,spot,dot,2022-08-15 00:45:25,2022,0
89452814,1660524329000.0,60073747,9.087,1.4000000000000001,polo,dot-usdt,12.7218,0.0,spot,dot,2022-08-15 00:45:29,2022,0
89452815,1660524330000.0,60073748,9.087,0.027280000000000002,polo,dot-usdt,0.24789336,0.0,spot,dot,2022-08-15 00:45:30,2022,0
89452816,1660524351000.0,60073749,9.055,0.80132,polo,dot-usdt,7.2559526,0.0,spot,dot,2022-08-15 00:45:51,2022,0
89452817,1660524355000.0,60073750,9.073,1.52854,polo,dot-usdt,13.86844342,0.0,spot,dot,2022-08-15 00:45:55,2022,0
89452818,1660524360000.0,60073751,9.046,1.2373600000000002,polo,dot-usdt,11.19315856,0.0,spot,dot,2022-08-15 00:46:00,2022,0
89452819,1660524376000.0,60073752,9.046,2.72452,polo,dot-usdt,24.64600792,0.0,spot,dot,2022-08-15 00:46:16,2022,0
89452820,1660524383000.0,60073753,9.021,3.9981899999999997,polo,dot-usdt,36.06767199,0.0,spot,dot,2022-08-15 00:46:23,2022,0
89452821,1660524383000.0,60073754,9.021,3.98357,polo,dot-usdt,35.93578497,0.0,spot,dot,2022-08-15 00:46:23,2022,0
89452822,1660524386000.0,60073755,9.069,1.91393,polo,dot-usdt,17.35743117,0.0,spot,dot,2022-08-15 00:46:26,2022,0
89452823,1660524388000.0,60073756,9.069,0.008299999999999998,polo,dot-usdt,0.0752727,0.0,spot,dot,2022-08-15 00:46:28,2022,0
89452824,1660524398000.0,60073757,9.067,2.16121,polo,dot-usdt,19.59569107,0.0,spot,dot,2022-08-15 00:46:38,2022,0
89452825,1660524403000.0,60073758,9.065,2.59201,polo,dot-usdt,23.49657065,0.0,spot,dot,2022-08-15 00:46:43,2022,0
89452826,1660524412000.0,60073759,9.067,2.29505,polo,dot-usdt,20.80921835,0.0,spot,dot,2022-08-15 00:46:52,2022,0
89452827,1660524421000.0,60073760,9.067,1.94125,polo,dot-usdt,17.60131375,0.0,spot,dot,2022-08-15 00:47:01,2022,0
89452828,1660524425000.0,60073761,9.064,1.70025,polo,dot-usdt,15.411066,0.0,spot,dot,2022-08-15 00:47:05,2022,0
89452829,1660524430000.0,60073762,9.046,2.6660000000000004,polo,dot-usdt,24.116636000000003,0.0,spot,dot,2022-08-15 00:47:10,2022,0
89452830,1660524434000.0,60073763,9.057,1.11344,polo,dot-usdt,10.08442608,0.0,spot,dot,2022-08-15 00:47:14,2022,0
89452831,1660524453000.0,60073764,9.053,2.8151699999999997,polo,dot-usdt,25.48573401,0.0,spot,dot,2022-08-15 00:47:33,2022,0
89452832,1660524453000.0,60073765,9.067,6.02518,polo,dot-usdt,54.63030706,0.0,spot,dot,2022-08-15 00:47:33,2022,0
89452833,1660524459000.0,60073766,9.047,1.1717199999999999,polo,dot-usdt,10.60055084,0.0,spot,dot,2022-08-15 00:47:39,2022,0
89452834,1660524459000.0,60073767,9.027,4.58237,polo,dot-usdt,41.36505399,0.0,spot,dot,2022-08-15 00:47:39,2022,0
89452835,1660524465000.0,60073768,9.063,0.96412,polo,dot-usdt,8.73781956,0.0,spot,dot,2022-08-15 00:47:45,2022,0
89452836,1660524470000.0,60073769,9.064,0.17376,polo,dot-usdt,1.57496064,0.0,spot,dot,2022-08-15 00:47:50,2022,0
89452837,1660524470000.0,60073770,9.067,7.27008,polo,dot-usdt,65.91781536,0.0,spot,dot,2022-08-15 00:47:50,2022,0
89452838,1660524470000.0,60073771,9.067,7.475899999999999,polo,dot-usdt,67.7839853,0.0,spot,dot,2022-08-15 00:47:50,2022,0
89452839,1660524474000.0,60073772,9.065,2.7749,polo,dot-usdt,25.1544685,0.0,spot,dot,2022-08-15 00:47:54,2022,0
89452840,1660524475000.0,60073773,9.065,0.019030000000000002,polo,dot-usdt,0.17250695000000002,0.0,spot,dot,2022-08-15 00:47:55,2022,0
89452841,1660524482000.0,60073774,9.03,11.68321,polo,dot-usdt,105.4993863,0.0,spot,dot,2022-08-15 00:48:02,2022,0
89452842,1660524483000.0,60073775,9.065,2.6000300000000003,polo,dot-usdt,23.56927195,0.0,spot,dot,2022-08-15 00:48:03,2022,0
89452843,1660524487000.0,60073776,9.063,1.47478,polo,dot-usdt,13.36593114,0.0,spot,dot,2022-08-15 00:48:07,2022,0
89452844,1660524489000.0,60073777,9.063,0.04699,polo,dot-usdt,0.42587037,0.0,spot,dot,2022-08-15 00:48:09,2022,0
89452845,1660524492000.0,60073778,9.063,1.06148,polo,dot-usdt,9.62019324,0.0,spot,dot,2022-08-15 00:48:12,2022,0
89452846,1660524493000.0,60073779,9.063,0.004229999999999999,polo,dot-usdt,0.038336489999999994,0.0,spot,dot,2022-08-15 00:48:13,2022,0
89452847,1660524502000.0,60073780,9.061,2.7,polo,dot-usdt,24.4647,0.0,spot,dot,2022-08-15 00:48:22,2022,0
89452848,1660524503000.0,60073781,9.061,0.06383,polo,dot-usdt,0.57836363,0.0,spot,dot,2022-08-15 00:48:23,2022,0
89452849,1660524536000.0,60073782,9.026,0.8828,polo,dot-usdt,7.9681528,0.0,spot,dot,2022-08-15 00:48:56,2022,0
89452850,1660524540000.0,60073783,9.046,2.54842,polo,dot-usdt,23.05300732,0.0,spot,dot,2022-08-15 00:49:00,2022,0
89452851,1660524544000.0,60073784,9.017,2.62726,polo,dot-usdt,23.69000342,0.0,spot,dot,2022-08-15 00:49:04,2022,0
89452852,1660524546000.0,60073785,9.017,0.01195,polo,dot-usdt,0.10775314999999999,0.0,spot,dot,2022-08-15 00:49:06,2022,0
89452853,1660524549000.0,60073786,9.027,1.9323800000000002,polo,dot-usdt,17.44359426,0.0,spot,dot,2022-08-15 00:49:09,2022,0
89452854,1660524553000.0,60073787,9.047,2.85309,polo,dot-usdt,25.81190523,0.0,spot,dot,2022-08-15 00:49:13,2022,0
89452855,1660524558000.0,60073788,9.056,1.33956,polo,dot-usdt,12.13105536,0.0,spot,dot,2022-08-15 00:49:18,2022,0
89452856,1660524560000.0,60073789,9.056,0.057370000000000004,polo,dot-usdt,0.51954272,0.0,spot,dot,2022-08-15 00:49:20,2022,0
89452857,1660524565000.0,60073790,9.029,2.5477,polo,dot-usdt,23.0031833,0.0,spot,dot,2022-08-15 00:49:25,2022,0
89452858,1660524576000.0,60073791,9.063,1.8164499999999997,polo,dot-usdt,16.46248635,0.0,spot,dot,2022-08-15 00:49:36,2022,0
89452859,1660524581000.0,60073792,9.061,1.58547,polo,dot-usdt,14.36594367,0.0,spot,dot,2022-08-15 00:49:41,2022,0
89452860,1660524582000.0,60073793,9.061,0.00357,polo,dot-usdt,0.03234777,0.0,spot,dot,2022-08-15 00:49:42,2022,0
89452861,1660524585000.0,60073794,9.061,2.75342,polo,dot-usdt,24.94873862,0.0,spot,dot,2022-08-15 00:49:45,2022,0
89452862,1660524587000.0,60073795,9.061,0.00911,polo,dot-usdt,0.08254571,0.0,spot,dot,2022-08-15 00:49:47,2022,0
89452863,1660524590000.0,60073796,9.063,1.3336599999999998,polo,dot-usdt,12.08696058,0.0,spot,dot,2022-08-15 00:49:50,2022,0
89452864,1660524592000.0,60073797,9.063,0.01612,polo,dot-usdt,0.14609556,0.0,spot,dot,2022-08-15 00:49:52,2022,0
89452865,1660524598000.0,60073798,9.056,1.44879,polo,dot-usdt,13.12024224,0.0,spot,dot,2022-08-15 00:49:58,2022,0
89452866,1660524603000.0,60073799,9.054,2.05841,polo,dot-usdt,18.63684414,0.0,spot,dot,2022-08-15 00:50:03,2022,0
89452867,1660524605000.0,60073800,9.054,0.02752,polo,dot-usdt,0.24916608,0.0,spot,dot,2022-08-15 00:50:05,2022,0
89452868,1660524608000.0,60073801,9.056,2.78297,polo,dot-usdt,25.20257632,0.0,spot,dot,2022-08-15 00:50:08,2022,0
89452869,1660524610000.0,60073802,9.056,0.09313,polo,dot-usdt,0.84338528,0.0,spot,dot,2022-08-15 00:50:10,2022,0
89452870,1660524610000.0,60073803,9.057,5.816319999999999,polo,dot-usdt,52.67841024,0.0,spot,dot,2022-08-15 00:50:10,2022,0
89452871,1660524610000.0,60073804,9.057,5.89038,polo,dot-usdt,53.34917166,0.0,spot,dot,2022-08-15 00:50:10,2022,0
89452872,1660524613000.0,60073805,9.054,0.9210699999999999,polo,dot-usdt,8.33936778,0.0,spot,dot,2022-08-15 00:50:13,2022,0
89452873,1660524616000.0,60073806,9.022,11.949589999999999,polo,dot-usdt,107.80920097999999,0.0,spot,dot,2022-08-15 00:50:16,2022,0
89452874,1660524616000.0,60073807,9.022,4.99324,polo,dot-usdt,45.04901128,0.0,spot,dot,2022-08-15 00:50:16,2022,0
89452875,1660524631000.0,60073808,9.041,0.9196799999999999,polo,dot-usdt,8.31482688,0.0,spot,dot,2022-08-15 00:50:31,2022,0
89452876,1660524633000.0,60073809,9.041,0.00925,polo,dot-usdt,0.08362925,0.0,spot,dot,2022-08-15 00:50:33,2022,0
89452877,1660524633000.0,60073810,9.054,8.2146,polo,dot-usdt,74.3749884,0.0,spot,dot,2022-08-15 00:50:33,2022,0
89452878,1660524635000.0,60073811,9.042,1.49965,polo,dot-usdt,13.5598353,0.0,spot,dot,2022-08-15 00:50:35,2022,0
89452879,1660524639000.0,60073812,9.036,2.29828,polo,dot-usdt,20.76725808,0.0,spot,dot,2022-08-15 00:50:39,2022,0
89452880,1660524644000.0,60073813,9.034,2.28701,polo,dot-usdt,20.66084834,0.0,spot,dot,2022-08-15 00:50:44,2022,0
89452881,1660524648000.0,60073814,9.044,1.3993399999999998,polo,dot-usdt,12.655630959999998,0.0,spot,dot,2022-08-15 00:50:48,2022,0
89452882,1660524653000.0,60073815,9.049,1.4979300000000002,polo,dot-usdt,13.55476857,0.0,spot,dot,2022-08-15 00:50:53,2022,0
89452883,1660524657000.0,60073816,9.042,0.74361,polo,dot-usdt,6.72372162,0.0,spot,dot,2022-08-15 00:50:57,2022,0
89452884,1660524662000.0,60073817,9.038,2.16816,polo,dot-usdt,19.59583008,0.0,spot,dot,2022-08-15 00:51:02,2022,0
89452885,1660524666000.0,60073818,9.046,2.30235,polo,dot-usdt,20.8270581,0.0,spot,dot,2022-08-15 00:51:06,2022,0
89452886,1660524670000.0,60073819,9.04,1.37961,polo,dot-usdt,12.4716744,0.0,spot,dot,2022-08-15 00:51:10,2022,0
89452887,1660524674000.0,60073820,9.037,0.97785,polo,dot-usdt,8.83683045,0.0,spot,dot,2022-08-15 00:51:14,2022,0
89452888,1660524692000.0,60073821,9.036,1.6806,polo,dot-usdt,15.1859016,0.0,spot,dot,2022-08-15 00:51:32,2022,0
89452889,1660524697000.0,60073822,9.027,2.1119100000000004,polo,dot-usdt,19.06421157,0.0,spot,dot,2022-08-15 00:51:37,2022,0
89452890,1660524701000.0,60073823,9.023,1.10922,polo,dot-usdt,10.00849206,0.0,spot,dot,2022-08-15 00:51:41,2022,0
89452891,1660524705000.0,60073824,9.038,1.2022899999999999,polo,dot-usdt,10.86629702,0.0,spot,dot,2022-08-15 00:51:45,2022,0
89452892,1660524710000.0,60073825,9.046,2.13864,polo,dot-usdt,19.34613744,0.0,spot,dot,2022-08-15 00:51:50,2022,0
89452893,1660524714000.0,60073826,9.032,1.95283,polo,dot-usdt,17.63796056,0.0,spot,dot,2022-08-15 00:51:54,2022,0
89452894,1660524723000.0,60073827,9.036,0.85511,polo,dot-usdt,7.72677396,0.0,spot,dot,2022-08-15 00:52:03,2022,0
89452895,1660524728000.0,60073828,9.044,0.8652099999999999,polo,dot-usdt,7.82495924,0.0,spot,dot,2022-08-15 00:52:08,2022,0
89452896,1660524732000.0,60073829,9.031,1.7107599999999998,polo,dot-usdt,15.44987356,0.0,spot,dot,2022-08-15 00:52:12,2022,0
89452897,1660524737000.0,60073830,9.037,1.7104599999999999,polo,dot-usdt,15.45742702,0.0,spot,dot,2022-08-15 00:52:17,2022,0
89452898,1660524737000.0,60073831,9.042,4.187790000000001,polo,dot-usdt,37.86599718,0.0,spot,dot,2022-08-15 00:52:17,2022,0
89452899,1660524737000.0,60073832,9.042,4.17429,polo,dot-usdt,37.74393018,0.0,spot,dot,2022-08-15 00:52:17,2022,0
89452900,1660524741000.0,60073833,9.04,0.8487400000000002,polo,dot-usdt,7.6726096,0.0,spot,dot,2022-08-15 00:52:21,2022,0
89452901,1660524745000.0,60073834,9.03,2.02639,polo,dot-usdt,18.2983017,0.0,spot,dot,2022-08-15 00:52:25,2022,0
89452902,1660524745000.0,60073835,9.03,1e-05,polo,dot-usdt,9.03e-05,0.0,spot,dot,2022-08-15 00:52:25,2022,0
89452903,1660524754000.0,60073836,9.041,2.72418,polo,dot-usdt,24.62931138,0.0,spot,dot,2022-08-15 00:52:34,2022,0
89452904,1660524759000.0,60073837,9.04,1.88779,polo,dot-usdt,17.0656216,0.0,spot,dot,2022-08-15 00:52:39,2022,0
89452905,1660524759000.0,60073838,9.04,0.027310000000000004,polo,dot-usdt,0.24688240000000003,0.0,spot,dot,2022-08-15 00:52:39,2022,0
89452906,1660524759000.0,60073839,9.042,9.13128,polo,dot-usdt,82.56503376,0.0,spot,dot,2022-08-15 00:52:39,2022,0
89452907,1660524763000.0,60073840,9.04,1.8203799999999999,polo,dot-usdt,16.4562352,0.0,spot,dot,2022-08-15 00:52:43,2022,0
89452908,1660524767000.0,60073841,9.039,0.92195,polo,dot-usdt,8.33350605,0.0,spot,dot,2022-08-15 00:52:47,2022,0
89452909,1660524772000.0,60073842,9.048,1.7746399999999998,polo,dot-usdt,16.05694272,0.0,spot,dot,2022-08-15 00:52:52,2022,0
89452910,1660524773000.0,60073843,9.048,0.02455,polo,dot-usdt,0.2221284,0.0,spot,dot,2022-08-15 00:52:53,2022,0
89452911,1660524776000.0,60073844,9.04,2.6781200000000003,polo,dot-usdt,24.2102048,0.0,spot,dot,2022-08-15 00:52:56,2022,0
89452912,1660524780000.0,60073845,9.061,0.22392,polo,dot-usdt,2.02893912,0.0,spot,dot,2022-08-15 00:53:00,2022,0
89452913,1660524780000.0,60073846,9.061,2.49879,polo,dot-usdt,22.64153619,0.0,spot,dot,2022-08-15 00:53:00,2022,0
89452914,1660524785000.0,60073847,9.059,0.38127,polo,dot-usdt,3.45392493,0.0,spot,dot,2022-08-15 00:53:05,2022,0
89452915,1660524785000.0,60073848,9.059,1.8523600000000002,polo,dot-usdt,16.78052924,0.0,spot,dot,2022-08-15 00:53:05,2022,0
89452916,1660524789000.0,60073849,9.057,1.46555,polo,dot-usdt,13.273486349999999,0.0,spot,dot,2022-08-15 00:53:09,2022,0
89452917,1660524794000.0,60073850,9.055,0.87139,polo,dot-usdt,7.89043645,0.0,spot,dot,2022-08-15 00:53:14,2022,0
89452918,1660524799000.0,60073851,9.053,0.12911999999999998,polo,dot-usdt,1.16892336,0.0,spot,dot,2022-08-15 00:53:19,2022,0
89452919,1660524800000.0,60073852,9.053,2.5461099999999997,polo,dot-usdt,23.04993383,0.0,spot,dot,2022-08-15 00:53:20,2022,0
89452920,1660524820000.0,60073853,9.04,0.8588,polo,dot-usdt,7.763551999999999,0.0,spot,dot,2022-08-15 00:53:40,2022,0
89452921,1660524821000.0,60073854,9.051,26.76015,polo,dot-usdt,242.20611765,0.0,spot,dot,2022-08-15 00:53:41,2022,0
89452922,1660524825000.0,60073855,9.046,1.7221100000000003,polo,dot-usdt,15.57820706,0.0,spot,dot,2022-08-15 00:53:45,2022,0
89452923,1660524827000.0,60073856,9.046,0.035840000000000004,polo,dot-usdt,0.32420864,0.0,spot,dot,2022-08-15 00:53:47,2022,0
89452924,1660524829000.0,60073857,9.041,2.64186,polo,dot-usdt,23.88505626,0.0,spot,dot,2022-08-15 00:53:49,2022,0
89452925,1660524833000.0,60073858,9.046,0.8793100000000001,polo,dot-usdt,7.95423826,0.0,spot,dot,2022-08-15 00:53:53,2022,0
89452926,1660524878000.0,60073859,9.035,2.01668,polo,dot-usdt,18.2207038,0.0,spot,dot,2022-08-15 00:54:38,2022,0
89452927,1660524882000.0,60073860,9.027,0.73867,polo,dot-usdt,6.6679740899999995,0.0,spot,dot,2022-08-15 00:54:42,2022,0
89452928,1660524904000.0,60073861,9.018,5.84121,polo,dot-usdt,52.67603178000001,0.0,spot,dot,2022-08-15 00:55:04,2022,0
89452929,1660524905000.0,60073862,9.018,4.83698,polo,dot-usdt,43.61988564,0.0,spot,dot,2022-08-15 00:55:05,2022,0
89452930,1660524913000.0,60073863,9.029,2.54136,polo,dot-usdt,22.94593944,0.0,spot,dot,2022-08-15 00:55:13,2022,0
89452931,1660524917000.0,60073864,9.034,2.10508,polo,dot-usdt,19.01729272,0.0,spot,dot,2022-08-15 00:55:17,2022,0
89452932,1660524922000.0,60073865,9.028,2.6427799999999997,polo,dot-usdt,23.85901784,0.0,spot,dot,2022-08-15 00:55:22,2022,0
89452933,1660524926000.0,60073866,9.026,2.343,polo,dot-usdt,21.147918,0.0,spot,dot,2022-08-15 00:55:26,2022,0
89452934,1660524931000.0,60073867,9.04,1.4013900000000001,polo,dot-usdt,12.6685656,0.0,spot,dot,2022-08-15 00:55:31,2022,0
89452935,1660524939000.0,60073868,9.04,1.9657000000000002,polo,dot-usdt,17.769928,0.0,spot,dot,2022-08-15 00:55:39,2022,0
89452936,1660524944000.0,60073869,9.046,0.76322,polo,dot-usdt,6.90408812,0.0,spot,dot,2022-08-15 00:55:44,2022,0
89452937,1660525001000.0,60073870,9.03,1.70365,polo,dot-usdt,15.3839595,0.0,spot,dot,2022-08-15 00:56:41,2022,0
89452938,1660525009000.0,60073871,9.031,2.21097,polo,dot-usdt,19.96727007,0.0,spot,dot,2022-08-15 00:56:49,2022,0
89452939,1660525014000.0,60073872,9.036,1.07331,polo,dot-usdt,9.69842916,0.0,spot,dot,2022-08-15 00:56:54,2022,0
89452940,1660525018000.0,60073873,9.038,0.81636,polo,dot-usdt,7.37826168,0.0,spot,dot,2022-08-15 00:56:58,2022,0
89452941,1660525023000.0,60073874,9.031,1.2637,polo,dot-usdt,11.4124747,0.0,spot,dot,2022-08-15 00:57:03,2022,0
89452942,1660525027000.0,60073875,9.043,2.59289,polo,dot-usdt,23.44750427,0.0,spot,dot,2022-08-15 00:57:07,2022,0
89452943,1660525032000.0,60073876,9.034,1.8656899999999996,polo,dot-usdt,16.85464346,0.0,spot,dot,2022-08-15 00:57:12,2022,0
89452944,1660525036000.0,60073877,9.029,0.77696,polo,dot-usdt,7.01517184,0.0,spot,dot,2022-08-15 00:57:16,2022,0
89452945,1660525041000.0,60073878,9.037,0.8767199999999999,polo,dot-usdt,7.92291864,0.0,spot,dot,2022-08-15 00:57:21,2022,0
89452946,1660525045000.0,60073879,9.03,2.3703600000000002,polo,dot-usdt,21.4043508,0.0,spot,dot,2022-08-15 00:57:25,2022,0
89452947,1660525050000.0,60073880,9.037,1.2998599999999998,polo,dot-usdt,11.746834819999998,0.0,spot,dot,2022-08-15 00:57:30,2022,0
89452948,1660525062000.0,60073881,9.038,0.8116599999999999,polo,dot-usdt,7.33578308,0.0,spot,dot,2022-08-15 00:57:42,2022,0
89452949,1660525067000.0,60073882,9.031,1.1711699999999998,polo,dot-usdt,10.57683627,0.0,spot,dot,2022-08-15 00:57:47,2022,0
89452950,1660525072000.0,60073883,9.027,0.8916200000000002,polo,dot-usdt,8.04865374,0.0,spot,dot,2022-08-15 00:57:52,2022,0
89452951,1660525102000.0,60073884,9.049,2.286,polo,dot-usdt,20.686014,0.0,spot,dot,2022-08-15 00:58:22,2022,0
89452952,1660525107000.0,60073885,9.058,1.7837800000000001,polo,dot-usdt,16.15747924,0.0,spot,dot,2022-08-15 00:58:27,2022,0
89452953,1660525107000.0,60073886,9.058,1e-05,polo,dot-usdt,9.058e-05,0.0,spot,dot,2022-08-15 00:58:27,2022,0
89452954,1660525124000.0,60073887,9.049,2.3257600000000003,polo,dot-usdt,21.04580224,0.0,spot,dot,2022-08-15 00:58:44,2022,0
89452955,1660525129000.0,60073888,9.055,0.81279,polo,dot-usdt,7.35981345,0.0,spot,dot,2022-08-15 00:58:49,2022,0
89452956,1660525129000.0,60073889,9.055,0.029519999999999998,polo,dot-usdt,0.2673036,0.0,spot,dot,2022-08-15 00:58:49,2022,0
89452957,1660525133000.0,60073890,9.046,0.9038300000000001,polo,dot-usdt,8.17604618,0.0,spot,dot,2022-08-15 00:58:53,2022,0
89452958,1660525142000.0,60073891,9.046,1.43697,polo,dot-usdt,12.99883062,0.0,spot,dot,2022-08-15 00:59:02,2022,0
89452959,1660525142000.0,60073892,9.047,8.3369,polo,dot-usdt,75.4239343,0.0,spot,dot,2022-08-15 00:59:02,2022,0
89452960,1660525186000.0,60073893,9.056,1.40709,polo,dot-usdt,12.742607039999998,0.0,spot,dot,2022-08-15 00:59:46,2022,0
89452961,1660525190000.0,60073894,9.064,1.37816,polo,dot-usdt,12.491642240000001,0.0,spot,dot,2022-08-15 00:59:50,2022,0
89452962,1660525199000.0,60073895,9.058,1.71868,polo,dot-usdt,15.567803439999999,0.0,spot,dot,2022-08-15 00:59:59,2022,0
89452963,1660525203000.0,60073896,9.066,1.0356,polo,dot-usdt,9.3887496,0.0,spot,dot,2022-08-15 01:00:03,2022,1
89452964,1660525223000.0,60073897,9.067,11.79646,polo,dot-usdt,106.95850281999999,0.0,spot,dot,2022-08-15 01:00:23,2022,1
89452965,1660525247000.0,60073898,9.049,2.61769,polo,dot-usdt,23.68747681,0.0,spot,dot,2022-08-15 01:00:47,2022,1
89452966,1660525252000.0,60073899,9.041,1.05161,polo,dot-usdt,9.50760601,0.0,spot,dot,2022-08-15 01:00:52,2022,1
89452967,1660525291000.0,60073900,9.041,1.08744,polo,dot-usdt,9.83154504,0.0,spot,dot,2022-08-15 01:01:31,2022,1
89452968,1660525297000.0,60073901,9.025,5.25422,polo,dot-usdt,47.4193355,0.0,spot,dot,2022-08-15 01:01:37,2022,1
89452969,1660525297000.0,60073902,9.025,5.273429999999999,polo,dot-usdt,47.59270574999999,0.0,spot,dot,2022-08-15 01:01:37,2022,1
89452970,1660525309000.0,60073903,9.04,1.5194000000000003,polo,dot-usdt,13.735376000000002,0.0,spot,dot,2022-08-15 01:01:49,2022,1
89452971,1660525314000.0,60073904,9.048,1.20951,polo,dot-usdt,10.94364648,0.0,spot,dot,2022-08-15 01:01:54,2022,1
89452972,1660525317000.0,60073905,9.048,0.007180000000000001,polo,dot-usdt,0.06496464,0.0,spot,dot,2022-08-15 01:01:57,2022,1
89452973,1660525361000.0,60073906,9.046,13.123280000000001,polo,dot-usdt,118.71319088,0.0,spot,dot,2022-08-15 01:02:41,2022,1
89452974,1660525371000.0,60073907,9.034,2.07551,polo,dot-usdt,18.75015734,0.0,spot,dot,2022-08-15 01:02:51,2022,1
89452975,1660525375000.0,60073908,9.037,1.3702199999999998,polo,dot-usdt,12.38267814,0.0,spot,dot,2022-08-15 01:02:55,2022,1
89452976,1660525388000.0,60073909,9.035,1.76751,polo,dot-usdt,15.96945285,0.0,spot,dot,2022-08-15 01:03:08,2022,1
89452977,1660525393000.0,60073910,9.043,1.0419500000000002,polo,dot-usdt,9.42235385,0.0,spot,dot,2022-08-15 01:03:13,2022,1
89452978,1660525432000.0,60073911,9.049,1.33935,polo,dot-usdt,12.11977815,0.0,spot,dot,2022-08-15 01:03:52,2022,1
89452979,1660525437000.0,60073912,9.044,2.3526999999999996,polo,dot-usdt,21.2778188,0.0,spot,dot,2022-08-15 01:03:57,2022,1
89452980,1660525442000.0,60073913,9.051,0.6789999999999999,polo,dot-usdt,6.145629,0.0,spot,dot,2022-08-15 01:04:02,2022,1
89452981,1660525443000.0,60073914,9.051,0.01576,polo,dot-usdt,0.14264376,0.0,spot,dot,2022-08-15 01:04:03,2022,1
89452982,1660525460000.0,60073915,9.044,1.54825,polo,dot-usdt,14.002373,0.0,spot,dot,2022-08-15 01:04:20,2022,1
89452983,1660525468000.0,60073916,9.04,2.58425,polo,dot-usdt,23.36162,0.0,spot,dot,2022-08-15 01:04:28,2022,1
89452984,1660525472000.0,60073917,9.039,1.98554,polo,dot-usdt,17.94729606,0.0,spot,dot,2022-08-15 01:04:32,2022,1
89452985,1660525481000.0,60073918,9.04,2.3604400000000005,polo,dot-usdt,21.3383776,0.0,spot,dot,2022-08-15 01:04:41,2022,1
89452986,1660525482000.0,60073919,9.04,0.0008500000000000001,polo,dot-usdt,0.007684,0.0,spot,dot,2022-08-15 01:04:42,2022,1
89452987,1660525485000.0,60073920,9.04,2.02794,polo,dot-usdt,18.3325776,0.0,spot,dot,2022-08-15 01:04:45,2022,1
89452988,1660525494000.0,60073921,9.04,2.52718,polo,dot-usdt,22.845707199999996,0.0,spot,dot,2022-08-15 01:04:54,2022,1
89452989,1660525498000.0,60073922,9.029,1.04463,polo,dot-usdt,9.43196427,0.0,spot,dot,2022-08-15 01:04:58,2022,1
89452990,1660525555000.0,60073923,9.04,1.8731100000000003,polo,dot-usdt,16.9329144,0.0,spot,dot,2022-08-15 01:05:55,2022,1
89452991,1660525560000.0,60073924,9.037,2.6077899999999996,polo,dot-usdt,23.56659823,0.0,spot,dot,2022-08-15 01:06:00,2022,1
89452992,1660525564000.0,60073925,9.043,2.5808,polo,dot-usdt,23.338174399999996,0.0,spot,dot,2022-08-15 01:06:04,2022,1
89452993,1660525569000.0,60073926,9.046,4.05706,polo,dot-usdt,36.70016476,0.0,spot,dot,2022-08-15 01:06:09,2022,1
89452994,1660525570000.0,60073927,9.046,0.0395,polo,dot-usdt,0.357317,0.0,spot,dot,2022-08-15 01:06:10,2022,1
89452995,1660525578000.0,60073928,9.037,3.5367899999999994,polo,dot-usdt,31.961971229999996,0.0,spot,dot,2022-08-15 01:06:18,2022,1
89452996,1660525617000.0,60073929,9.015,3.86815,polo,dot-usdt,34.87137225,0.0,spot,dot,2022-08-15 01:06:57,2022,1
89452997,1660525621000.0,60073930,9.023,5.846520000000001,polo,dot-usdt,52.75314996000001,0.0,spot,dot,2022-08-15 01:07:01,2022,1
89452998,1660525625000.0,60073931,9.011,3.97167,polo,dot-usdt,35.78871837,0.0,spot,dot,2022-08-15 01:07:05,2022,1
89452999,1660525630000.0,60073932,9.006,6.624499999999999,polo,dot-usdt,59.660247,0.0,spot,dot,2022-08-15 01:07:10,2022,1
89453000,1660525634000.0,60073933,9.005,1.9155999999999997,polo,dot-usdt,17.249978,0.0,spot,dot,2022-08-15 01:07:14,2022,1
89453001,1660525640000.0,60073934,9.018,2.6348399999999996,polo,dot-usdt,23.76098712,0.0,spot,dot,2022-08-15 01:07:20,2022,1
89453002,1660525669000.0,60073935,9.03,2.2484800000000003,polo,dot-usdt,20.3037744,0.0,spot,dot,2022-08-15 01:07:49,2022,1
89453003,1660525678000.0,60073936,9.031,3.6009299999999995,polo,dot-usdt,32.51999883,0.0,spot,dot,2022-08-15 01:07:58,2022,1
89453004,1660525683000.0,60073937,9.037,7.33735,polo,dot-usdt,66.30763195,0.0,spot,dot,2022-08-15 01:08:03,2022,1
89453005,1660525687000.0,60073938,9.04,2.7437000000000005,polo,dot-usdt,24.803048,0.0,spot,dot,2022-08-15 01:08:07,2022,1
89453006,1660525740000.0,60073939,9.033,3.64692,polo,dot-usdt,32.94262836,0.0,spot,dot,2022-08-15 01:09:00,2022,1
89453007,1660525744000.0,60073940,9.038,3.3766,polo,dot-usdt,30.5177108,0.0,spot,dot,2022-08-15 01:09:04,2022,1
89453008,1660525748000.0,60073941,9.03,4.868970000000001,polo,dot-usdt,43.9667991,0.0,spot,dot,2022-08-15 01:09:08,2022,1
89453009,1660525753000.0,60073942,9.026,2.7115600000000004,polo,dot-usdt,24.474540560000005,0.0,spot,dot,2022-08-15 01:09:13,2022,1
89453010,1660525766000.0,60073943,9.04,7.329920000000001,polo,dot-usdt,66.2624768,0.0,spot,dot,2022-08-15 01:09:26,2022,1
89453011,1660525771000.0,60073944,9.032,3.14094,polo,dot-usdt,28.36897008,0.0,spot,dot,2022-08-15 01:09:31,2022,1
89453012,1660525801000.0,60073945,9.046,6.264590000000001,polo,dot-usdt,56.66948114,0.0,spot,dot,2022-08-15 01:10:01,2022,1
89453013,1660525806000.0,60073946,9.058,3.01593,polo,dot-usdt,27.31829394,0.0,spot,dot,2022-08-15 01:10:06,2022,1
89453014,1660525810000.0,60073947,9.047,2.4689,polo,dot-usdt,22.336138300000002,0.0,spot,dot,2022-08-15 01:10:10,2022,1
89453015,1660525815000.0,60073948,9.058,7.4726300000000005,polo,dot-usdt,67.68708254,0.0,spot,dot,2022-08-15 01:10:15,2022,1
89453016,1660525819000.0,60073949,9.064,5.73389,polo,dot-usdt,51.971978959999994,0.0,spot,dot,2022-08-15 01:10:19,2022,1
89453017,1660525820000.0,60073950,9.064,0.19633,polo,dot-usdt,1.77953512,0.0,spot,dot,2022-08-15 01:10:20,2022,1
89453018,1660525824000.0,60073951,9.059,6.569120000000001,polo,dot-usdt,59.50965808,0.0,spot,dot,2022-08-15 01:10:24,2022,1
89453019,1660525828000.0,60073952,9.049,7.022810000000001,polo,dot-usdt,63.54940769,0.0,spot,dot,2022-08-15 01:10:28,2022,1
89453020,1660525832000.0,60073953,9.044,6.79193,polo,dot-usdt,61.42621492,0.0,spot,dot,2022-08-15 01:10:32,2022,1
89453021,1660525836000.0,60073954,9.052,3.2719,polo,dot-usdt,29.6172388,0.0,spot,dot,2022-08-15 01:10:36,2022,1
89453022,1660525863000.0,60073955,9.04,5.966410000000001,polo,dot-usdt,53.9363464,0.0,spot,dot,2022-08-15 01:11:03,2022,1
89453023,1660525867000.0,60073956,9.046,4.71039,polo,dot-usdt,42.61018794,0.0,spot,dot,2022-08-15 01:11:07,2022,1
89453024,1660525871000.0,60073957,9.037,2.9687899999999994,polo,dot-usdt,26.82895523,0.0,spot,dot,2022-08-15 01:11:11,2022,1
89453025,1660525876000.0,60073958,9.033,2.4414900000000004,polo,dot-usdt,22.05397917,0.0,spot,dot,2022-08-15 01:11:16,2022,1
89453026,1660525880000.0,60073959,9.049,2.74158,polo,dot-usdt,24.808557419999996,0.0,spot,dot,2022-08-15 01:11:20,2022,1
89453027,1660525885000.0,60073960,9.043,3.7095800000000008,polo,dot-usdt,33.54573194,0.0,spot,dot,2022-08-15 01:11:25,2022,1
89453028,1660525889000.0,60073961,9.053,4.1203899999999996,polo,dot-usdt,37.30189067,0.0,spot,dot,2022-08-15 01:11:29,2022,1
89453029,1660525894000.0,60073962,9.056,7.086160000000001,polo,dot-usdt,64.17226496,0.0,spot,dot,2022-08-15 01:11:34,2022,1
89453030,1660525898000.0,60073963,9.051,6.0576799999999995,polo,dot-usdt,54.82806168,0.0,spot,dot,2022-08-15 01:11:38,2022,1
89453031,1660525902000.0,60073964,9.055,1.9876,polo,dot-usdt,17.997718,0.0,spot,dot,2022-08-15 01:11:42,2022,1
89453032,1660525907000.0,60073965,9.05,5.173229999999999,polo,dot-usdt,46.8177315,0.0,spot,dot,2022-08-15 01:11:47,2022,1
89453033,1660525911000.0,60073966,9.047,2.784,polo,dot-usdt,25.186848,0.0,spot,dot,2022-08-15 01:11:51,2022,1
89453034,1660525924000.0,60073967,9.05,7.667059999999999,polo,dot-usdt,69.386893,0.0,spot,dot,2022-08-15 01:12:04,2022,1
89453035,1660525929000.0,60073968,9.047,2.72946,polo,dot-usdt,24.693424620000002,0.0,spot,dot,2022-08-15 01:12:09,2022,1
89453036,1660525929000.0,60073969,9.047,0.11314999999999999,polo,dot-usdt,1.02366805,0.0,spot,dot,2022-08-15 01:12:09,2022,1
89453037,1660525929000.0,60073970,9.045,0.17413,polo,dot-usdt,1.5750058500000002,0.0,spot,dot,2022-08-15 01:12:09,2022,1
89453038,1660525955000.0,60073971,9.045,5.7335,polo,dot-usdt,51.8595075,0.0,spot,dot,2022-08-15 01:12:35,2022,1
89453039,1660525959000.0,60073972,9.038,3.41605,polo,dot-usdt,30.8742599,0.0,spot,dot,2022-08-15 01:12:39,2022,1
89453040,1660525964000.0,60073973,9.035,6.34183,polo,dot-usdt,57.29843405,0.0,spot,dot,2022-08-15 01:12:44,2022,1
89453041,1660525968000.0,60073974,9.034,6.24161,polo,dot-usdt,56.38670474,0.0,spot,dot,2022-08-15 01:12:48,2022,1
89453042,1660525973000.0,60073975,9.044,6.956269999999999,polo,dot-usdt,62.91250588,0.0,spot,dot,2022-08-15 01:12:53,2022,1
89453043,1660525977000.0,60073976,9.038,4.8985,polo,dot-usdt,44.272643,0.0,spot,dot,2022-08-15 01:12:57,2022,1
89453044,1660525986000.0,60073977,9.04,5.4751900000000004,polo,dot-usdt,49.4957176,0.0,spot,dot,2022-08-15 01:13:06,2022,1
89453045,1660525987000.0,60073978,9.04,0.07174000000000001,polo,dot-usdt,0.6485296,0.0,spot,dot,2022-08-15 01:13:07,2022,1
89453046,1660525990000.0,60073979,9.034,7.115029999999999,polo,dot-usdt,64.27718102,0.0,spot,dot,2022-08-15 01:13:10,2022,1
89453047,1660525994000.0,60073980,9.034,0.00061,polo,dot-usdt,0.00551074,0.0,spot,dot,2022-08-15 01:13:14,2022,1
89453048,1660525994000.0,60073981,9.026,2.93376,polo,dot-usdt,26.48011776,0.0,spot,dot,2022-08-15 01:13:14,2022,1
89453049,1660526052000.0,60073982,9.016,6.85621,polo,dot-usdt,61.81558936,0.0,spot,dot,2022-08-15 01:14:12,2022,1
89453050,1660526056000.0,60073983,9.011,2.64895,polo,dot-usdt,23.869688449999998,0.0,spot,dot,2022-08-15 01:14:16,2022,1
89453051,1660526109000.0,60073984,9.006,7.06968,polo,dot-usdt,63.66953808,0.0,spot,dot,2022-08-15 01:15:09,2022,1
89453052,1660526113000.0,60073985,9.012,6.24117,polo,dot-usdt,56.24542404,0.0,spot,dot,2022-08-15 01:15:13,2022,1
89453053,1660526114000.0,60073986,9.012,0.24813999999999997,polo,dot-usdt,2.23623768,0.0,spot,dot,2022-08-15 01:15:14,2022,1
89453054,1660526118000.0,60073987,9.005,6.230729999999999,polo,dot-usdt,56.10772365,0.0,spot,dot,2022-08-15 01:15:18,2022,1
89453055,1660526122000.0,60073988,8.994,2.48245,polo,dot-usdt,22.3271553,0.0,spot,dot,2022-08-15 01:15:22,2022,1
89453056,1660526144000.0,60073989,9.001,3.7166100000000006,polo,dot-usdt,33.45320661,0.0,spot,dot,2022-08-15 01:15:44,2022,1
89453057,1660526148000.0,60073990,8.994,4.79674,polo,dot-usdt,43.14187956,0.0,spot,dot,2022-08-15 01:15:48,2022,1
89453058,1660526153000.0,60073991,8.992,7.609859999999999,polo,dot-usdt,68.42786112,0.0,spot,dot,2022-08-15 01:15:53,2022,1
89453059,1660526157000.0,60073992,9.005,4.00348,polo,dot-usdt,36.0513374,0.0,spot,dot,2022-08-15 01:15:57,2022,1
89453060,1660526170000.0,60073993,9.008,7.663920000000001,polo,dot-usdt,69.03659136,0.0,spot,dot,2022-08-15 01:16:10,2022,1
89453061,1660526175000.0,60073994,9.001,6.471570000000001,polo,dot-usdt,58.25060157,0.0,spot,dot,2022-08-15 01:16:15,2022,1
89453062,1660526179000.0,60073995,8.997,3.53226,polo,dot-usdt,31.77974322,0.0,spot,dot,2022-08-15 01:16:19,2022,1
89453063,1660526184000.0,60073996,9.009,6.11519,polo,dot-usdt,55.09174671,0.0,spot,dot,2022-08-15 01:16:24,2022,1
89453064,1660526188000.0,60073997,9.015,4.64962,polo,dot-usdt,41.9163243,0.0,spot,dot,2022-08-15 01:16:28,2022,1
89453065,1660526193000.0,60073998,9.021,7.300159999999999,polo,dot-usdt,65.85474336,0.0,spot,dot,2022-08-15 01:16:33,2022,1
89453066,1660526197000.0,60073999,9.008,3.3391900000000003,polo,dot-usdt,30.07942352,0.0,spot,dot,2022-08-15 01:16:37,2022,1
89453067,1660526241000.0,60074000,9.012,4.74892,polo,dot-usdt,42.79726704,0.0,spot,dot,2022-08-15 01:17:21,2022,1
89453068,1660526245000.0,60074001,9.004,3.16643,polo,dot-usdt,28.51053572,0.0,spot,dot,2022-08-15 01:17:25,2022,1
89453069,1660526250000.0,60074002,9.005,6.92268,polo,dot-usdt,62.3387334,0.0,spot,dot,2022-08-15 01:17:30,2022,1
89453070,1660526254000.0,60074003,9.021,4.93693,polo,dot-usdt,44.53604553000001,0.0,spot,dot,2022-08-15 01:17:34,2022,1
89453071,1660526293000.0,60074004,9.024,2.2628100000000004,polo,dot-usdt,20.41959744,0.0,spot,dot,2022-08-15 01:18:13,2022,1
89453072,1660526298000.0,60074005,9.035,4.434,polo,dot-usdt,40.06119,0.0,spot,dot,2022-08-15 01:18:18,2022,1
89453073,1660526302000.0,60074006,9.028,3.8832999999999998,polo,dot-usdt,35.0584324,0.0,spot,dot,2022-08-15 01:18:22,2022,1
89453074,1660526307000.0,60074007,9.052,3.79875,polo,dot-usdt,34.386285,0.0,spot,dot,2022-08-15 01:18:27,2022,1
89453075,1660526316000.0,60074008,9.052,7.48121,polo,dot-usdt,67.71991292,0.0,spot,dot,2022-08-15 01:18:36,2022,1
89453076,1660526320000.0,60074009,9.05,2.2377599999999997,polo,dot-usdt,20.251728,0.0,spot,dot,2022-08-15 01:18:40,2022,1
89453077,1660526333000.0,60074010,9.049,2.15504,polo,dot-usdt,19.50095696,0.0,spot,dot,2022-08-15 01:18:53,2022,1
89453078,1660526337000.0,60074011,9.047,6.66428,polo,dot-usdt,60.29174116,0.0,spot,dot,2022-08-15 01:18:57,2022,1
89453079,1660526342000.0,60074012,9.053,3.7783699999999993,polo,dot-usdt,34.20558361,0.0,spot,dot,2022-08-15 01:19:02,2022,1
89453080,1660526346000.0,60074013,9.052,7.81588,polo,dot-usdt,70.74934576,0.0,spot,dot,2022-08-15 01:19:06,2022,1
89453081,1660526355000.0,60074014,9.021,7.2044999999999995,polo,dot-usdt,64.9917945,0.0,spot,dot,2022-08-15 01:19:15,2022,1
89453082,1660526363000.0,60074015,9.021,6.51099,polo,dot-usdt,58.735640790000005,0.0,spot,dot,2022-08-15 01:19:23,2022,1
89453083,1660526367000.0,60074016,9.021,0.09036999999999999,polo,dot-usdt,0.81522777,0.0,spot,dot,2022-08-15 01:19:27,2022,1
89453084,1660526368000.0,60074017,9.027,6.36639,polo,dot-usdt,57.469402529999996,0.0,spot,dot,2022-08-15 01:19:28,2022,1
89453085,1660526372000.0,60074018,9.033,5.71371,polo,dot-usdt,51.61194242999999,0.0,spot,dot,2022-08-15 01:19:32,2022,1
89453086,1660526377000.0,60074019,9.035,5.93919,polo,dot-usdt,53.66058165,0.0,spot,dot,2022-08-15 01:19:37,2022,1
89453087,1660526377000.0,60074020,9.035,0.21137999999999998,polo,dot-usdt,1.9098183,0.0,spot,dot,2022-08-15 01:19:37,2022,1
89453088,1660526381000.0,60074021,9.038,3.60434,polo,dot-usdt,32.57602492,0.0,spot,dot,2022-08-15 01:19:41,2022,1
89453089,1660526386000.0,60074022,9.037,4.797039999999999,polo,dot-usdt,43.35085048,0.0,spot,dot,2022-08-15 01:19:46,2022,1
89453090,1660526394000.0,60074023,9.037,3.4074799999999996,polo,dot-usdt,30.79339676,0.0,spot,dot,2022-08-15 01:19:54,2022,1
89453091,1660526398000.0,60074024,9.037,0.03772,polo,dot-usdt,0.34087564,0.0,spot,dot,2022-08-15 01:19:58,2022,1
89453092,1660526403000.0,60074025,9.037,4.77497,polo,dot-usdt,43.151403890000005,0.0,spot,dot,2022-08-15 01:20:03,2022,1
89453093,1660526416000.0,60074026,9.035,1.7151999999999998,polo,dot-usdt,15.496832,0.0,spot,dot,2022-08-15 01:20:16,2022,1
89453094,1660526429000.0,60074027,9.036,5.33685,polo,dot-usdt,48.2237766,0.0,spot,dot,2022-08-15 01:20:29,2022,1
89453095,1660526429000.0,60074028,9.036,0.07033,polo,dot-usdt,0.63550188,0.0,spot,dot,2022-08-15 01:20:29,2022,1
89453096,1660526434000.0,60074029,9.037,4.027209999999999,polo,dot-usdt,36.39389677,0.0,spot,dot,2022-08-15 01:20:34,2022,1
89453097,1660526438000.0,60074030,9.039,2.6199000000000003,polo,dot-usdt,23.6812761,0.0,spot,dot,2022-08-15 01:20:38,2022,1
89453098,1660526443000.0,60074031,9.037,5.1827,polo,dot-usdt,46.8360599,0.0,spot,dot,2022-08-15 01:20:43,2022,1
89453099,1660526447000.0,60074032,9.037,0.018559999999999997,polo,dot-usdt,0.16772672,0.0,spot,dot,2022-08-15 01:20:47,2022,1
89453100,1660526447000.0,60074033,9.038,3.4247199999999998,polo,dot-usdt,30.95261936,0.0,spot,dot,2022-08-15 01:20:47,2022,1
89453101,1660526478000.0,60074034,9.052,7.165070000000001,polo,dot-usdt,64.85821364,0.0,spot,dot,2022-08-15 01:21:18,2022,1
89453102,1660526482000.0,60074035,9.045,5.449730000000001,polo,dot-usdt,49.29280785,0.0,spot,dot,2022-08-15 01:21:22,2022,1
89453103,1660526491000.0,60074036,9.041,5.04549,polo,dot-usdt,45.61627509,0.0,spot,dot,2022-08-15 01:21:31,2022,1
89453104,1660526495000.0,60074037,9.041,1.9336200000000001,polo,dot-usdt,17.481858420000002,0.0,spot,dot,2022-08-15 01:21:35,2022,1
89453105,1660526496000.0,60074038,9.059,7.872580000000001,polo,dot-usdt,71.31770222,0.0,spot,dot,2022-08-15 01:21:36,2022,1
89453106,1660526500000.0,60074039,9.046,2.24628,polo,dot-usdt,20.31984888,0.0,spot,dot,2022-08-15 01:21:40,2022,1
89453107,1660526504000.0,60074040,9.042,6.54389,polo,dot-usdt,59.16985338,0.0,spot,dot,2022-08-15 01:21:44,2022,1
89453108,1660526522000.0,60074041,9.071,3.21993,polo,dot-usdt,29.20798503,0.0,spot,dot,2022-08-15 01:22:02,2022,1
89453109,1660526524000.0,60074042,9.071,0.06351,polo,dot-usdt,0.57609921,0.0,spot,dot,2022-08-15 01:22:04,2022,1
89453110,1660526539000.0,60074044,9.059,1.8876500000000003,polo,dot-usdt,17.10022135,0.0,spot,dot,2022-08-15 01:22:19,2022,1
89453111,1660526601000.0,60074045,9.043,1.9524700000000004,polo,dot-usdt,17.65618621,0.0,spot,dot,2022-08-15 01:23:21,2022,1
89453112,1660526619000.0,60074046,9.04,2.1767000000000003,polo,dot-usdt,19.677368,0.0,spot,dot,2022-08-15 01:23:39,2022,1
89453113,1660526663000.0,60074047,9.039,2.1539900000000003,polo,dot-usdt,19.46991561,0.0,spot,dot,2022-08-15 01:24:23,2022,1
89453114,1660526668000.0,60074048,9.047,1.9223299999999997,polo,dot-usdt,17.39131951,0.0,spot,dot,2022-08-15 01:24:28,2022,1
89453115,1660526672000.0,60074049,9.052,2.28453,polo,dot-usdt,20.67956556,0.0,spot,dot,2022-08-15 01:24:32,2022,1
89453116,1660526676000.0,60074050,9.037,1.9317399999999998,polo,dot-usdt,17.45713438,0.0,spot,dot,2022-08-15 01:24:36,2022,1
89453117,1660526680000.0,60074051,9.03,4.46492,polo,dot-usdt,40.3182276,0.0,spot,dot,2022-08-15 01:24:40,2022,1
89453118,1660526685000.0,60074052,9.026,7.20087,polo,dot-usdt,64.99505262,0.0,spot,dot,2022-08-15 01:24:45,2022,1
89453119,1660526689000.0,60074053,9.024,7.552030000000001,polo,dot-usdt,68.14951872,0.0,spot,dot,2022-08-15 01:24:49,2022,1
89453120,1660526694000.0,60074054,9.023,1.6674600000000002,polo,dot-usdt,15.04549158,0.0,spot,dot,2022-08-15 01:24:54,2022,1
89453121,1660526711000.0,60074055,9.038,6.56851,polo,dot-usdt,59.36619338,0.0,spot,dot,2022-08-15 01:25:11,2022,1
89453122,1660526715000.0,60074056,9.046,6.111890000000001,polo,dot-usdt,55.28815694,0.0,spot,dot,2022-08-15 01:25:15,2022,1
89453123,1660526725000.0,60074057,9.039,3.1112100000000003,polo,dot-usdt,28.12222719,0.0,spot,dot,2022-08-15 01:25:25,2022,1
89453124,1660526729000.0,60074058,9.046,6.908510000000001,polo,dot-usdt,62.49438146,0.0,spot,dot,2022-08-15 01:25:29,2022,1
89453125,1660526747000.0,60074059,9.025,4.08242,polo,dot-usdt,36.8438405,0.0,spot,dot,2022-08-15 01:25:47,2022,1
89453126,1660526756000.0,60074060,9.025,5.0482,polo,dot-usdt,45.560005,0.0,spot,dot,2022-08-15 01:25:56,2022,1
89453127,1660526760000.0,60074061,9.026,7.61574,polo,dot-usdt,68.73966924,0.0,spot,dot,2022-08-15 01:26:00,2022,1
89453128,1660526765000.0,60074062,9.027,5.60288,polo,dot-usdt,50.57719776,0.0,spot,dot,2022-08-15 01:26:05,2022,1
89453129,1660526786000.0,60074063,9.021,5.5651399999999995,polo,dot-usdt,50.20312794,0.0,spot,dot,2022-08-15 01:26:26,2022,1
89453130,1660526792000.0,60074064,9.022,6.991569999999999,polo,dot-usdt,63.07794454,0.0,spot,dot,2022-08-15 01:26:32,2022,1
89453131,1660526796000.0,60074065,9.021,2.6863099999999998,polo,dot-usdt,24.233202509999998,0.0,spot,dot,2022-08-15 01:26:36,2022,1
89453132,1660526800000.0,60074066,9.022,4.597049999999999,polo,dot-usdt,41.4745851,0.0,spot,dot,2022-08-15 01:26:40,2022,1
89453133,1660526809000.0,60074067,9.023,2.60696,polo,dot-usdt,23.52260008,0.0,spot,dot,2022-08-15 01:26:49,2022,1
89453134,1660526822000.0,60074068,9.024,3.7660200000000006,polo,dot-usdt,33.98456448,0.0,spot,dot,2022-08-15 01:27:02,2022,1
89453135,1660526827000.0,60074069,9.025,6.855449999999999,polo,dot-usdt,61.87043625,0.0,spot,dot,2022-08-15 01:27:07,2022,1
89453136,1660526831000.0,60074070,9.026,1.8915200000000003,polo,dot-usdt,17.07285952,0.0,spot,dot,2022-08-15 01:27:11,2022,1
89453137,1660526848000.0,60074071,9.025,7.66781,polo,dot-usdt,69.20198525,0.0,spot,dot,2022-08-15 01:27:28,2022,1
89453138,1660526853000.0,60074072,9.026,2.6364199999999998,polo,dot-usdt,23.79632692,0.0,spot,dot,2022-08-15 01:27:33,2022,1
89453139,1660526867000.0,60074073,9.026,2.4356400000000002,polo,dot-usdt,21.98408664,0.0,spot,dot,2022-08-15 01:27:47,2022,1
89453140,1660526896000.0,60074074,9.044,6.785469999999999,polo,dot-usdt,61.36779068,0.0,spot,dot,2022-08-15 01:28:16,2022,1
89453141,1660526896000.0,60074075,9.054,2.1506199999999995,polo,dot-usdt,19.471713479999995,0.0,spot,dot,2022-08-15 01:28:16,2022,1
89453142,1660526901000.0,60074076,9.053,1.98048,polo,dot-usdt,17.92928544,0.0,spot,dot,2022-08-15 01:28:21,2022,1
89453143,1660526903000.0,60074077,9.053,0.028169999999999997,polo,dot-usdt,0.25502301,0.0,spot,dot,2022-08-15 01:28:23,2022,1
89453144,1660526910000.0,60074078,9.052,4.220930000000001,polo,dot-usdt,38.20785836000001,0.0,spot,dot,2022-08-15 01:28:30,2022,1
89453145,1660526912000.0,60074079,9.052,0.04786000000000001,polo,dot-usdt,0.43322872000000007,0.0,spot,dot,2022-08-15 01:28:32,2022,1
89453146,1660526918000.0,60074080,9.027,9.800620000000002,polo,dot-usdt,88.47019674,0.0,spot,dot,2022-08-15 01:28:38,2022,1
89453147,1660526918000.0,60074081,9.027,9.836500000000001,polo,dot-usdt,88.7940855,0.0,spot,dot,2022-08-15 01:28:38,2022,1
89453148,1660526919000.0,60074082,9.051,4.566439999999999,polo,dot-usdt,41.33084843999999,0.0,spot,dot,2022-08-15 01:28:39,2022,1
89453149,1660526927000.0,60074083,9.033,1.86526,polo,dot-usdt,16.84889358,0.0,spot,dot,2022-08-15 01:28:47,2022,1
89453150,1660526935000.0,60074084,9.041,6.7205900000000005,polo,dot-usdt,60.76085419000001,0.0,spot,dot,2022-08-15 01:28:55,2022,1
89453151,1660526935000.0,60074085,9.053,0.19268999999999997,polo,dot-usdt,1.74442257,0.0,spot,dot,2022-08-15 01:28:55,2022,1
89453152,1660526935000.0,60074086,9.053,1.9294999999999998,polo,dot-usdt,17.4677635,0.0,spot,dot,2022-08-15 01:28:55,2022,1
89453153,1660526940000.0,60074087,9.052,2.49343,polo,dot-usdt,22.57052836,0.0,spot,dot,2022-08-15 01:29:00,2022,1
89453154,1660526940000.0,60074088,9.052,9.999999999999999e-06,polo,dot-usdt,9.052e-05,0.0,spot,dot,2022-08-15 01:29:00,2022,1
89453155,1660526946000.0,60074089,9.051,4.48259,polo,dot-usdt,40.57192209,0.0,spot,dot,2022-08-15 01:29:06,2022,1
89453156,1660526954000.0,60074090,9.035,7.65796,polo,dot-usdt,69.1896686,0.0,spot,dot,2022-08-15 01:29:14,2022,1
89453157,1660526958000.0,60074091,9.028,2.18017,polo,dot-usdt,19.68257476,0.0,spot,dot,2022-08-15 01:29:18,2022,1
89453158,1660526971000.0,60074092,9.037,6.9240699999999995,polo,dot-usdt,62.57282059,0.0,spot,dot,2022-08-15 01:29:31,2022,1
89453159,1660526976000.0,60074093,9.03,1.7636600000000002,polo,dot-usdt,15.925849800000002,0.0,spot,dot,2022-08-15 01:29:36,2022,1
89453160,1660526998000.0,60074094,9.04,2.6703200000000002,polo,dot-usdt,24.1396928,0.0,spot,dot,2022-08-15 01:29:58,2022,1
89453161,1660527003000.0,60074095,9.046,6.20559,polo,dot-usdt,56.13576714,0.0,spot,dot,2022-08-15 01:30:03,2022,1
89453162,1660527007000.0,60074096,9.037,4.9248899999999995,polo,dot-usdt,44.50623093,0.0,spot,dot,2022-08-15 01:30:07,2022,1
89453163,1660527034000.0,60074097,9.04,7.511480000000001,polo,dot-usdt,67.9037792,0.0,spot,dot,2022-08-15 01:30:34,2022,1
89453164,1660527039000.0,60074098,9.034,3.97044,polo,dot-usdt,35.86895496,0.0,spot,dot,2022-08-15 01:30:39,2022,1
89453165,1660527096000.0,60074099,9.058,4.37667,polo,dot-usdt,39.64387686,0.0,spot,dot,2022-08-15 01:31:36,2022,1
89453166,1660527100000.0,60074100,9.063,4.45519,polo,dot-usdt,40.37738697,0.0,spot,dot,2022-08-15 01:31:40,2022,1
89453167,1660527103000.0,60074101,9.063,0.13111,polo,dot-usdt,1.18824993,0.0,spot,dot,2022-08-15 01:31:43,2022,1
89453168,1660527103000.0,60074102,9.068,2.24108,polo,dot-usdt,20.322113440000003,0.0,spot,dot,2022-08-15 01:31:43,2022,1
89453169,1660527105000.0,60074103,9.06,7.16454,polo,dot-usdt,64.9107324,0.0,spot,dot,2022-08-15 01:31:45,2022,1
89453170,1660527106000.0,60074104,9.068,1.8409699999999998,polo,dot-usdt,16.693915959999998,0.0,spot,dot,2022-08-15 01:31:46,2022,1
89453171,1660527109000.0,60074105,9.078,6.51335,polo,dot-usdt,59.1281913,0.0,spot,dot,2022-08-15 01:31:49,2022,1
89453172,1660527113000.0,60074106,9.07,3.27047,polo,dot-usdt,29.6631629,0.0,spot,dot,2022-08-15 01:31:53,2022,1
89453173,1660527118000.0,60074107,9.081,6.451580000000001,polo,dot-usdt,58.58679798000001,0.0,spot,dot,2022-08-15 01:31:58,2022,1
89453174,1660527118000.0,60074108,9.081,0.25300000000000006,polo,dot-usdt,2.2974930000000002,0.0,spot,dot,2022-08-15 01:31:58,2022,1
89453175,1660527122000.0,60074109,9.072,5.034,polo,dot-usdt,45.66844799999999,0.0,spot,dot,2022-08-15 01:32:02,2022,1
89453176,1660527122000.0,60074110,9.072,0.32200000000000006,polo,dot-usdt,2.9211840000000002,0.0,spot,dot,2022-08-15 01:32:02,2022,1
89453177,1660527133000.0,60074111,9.09,4.740810000000001,polo,dot-usdt,43.09396290000001,0.0,spot,dot,2022-08-15 01:32:13,2022,1
89453178,1660527139000.0,60074112,9.091,4.621090000000001,polo,dot-usdt,42.01032919,0.0,spot,dot,2022-08-15 01:32:19,2022,1
89453179,1660527150000.0,60074113,9.072,2.5449800000000002,polo,dot-usdt,23.08805856,0.0,spot,dot,2022-08-15 01:32:30,2022,1
89453180,1660527150000.0,60074114,9.072,1.5639100000000001,polo,dot-usdt,14.18779152,0.0,spot,dot,2022-08-15 01:32:30,2022,1
89453181,1660527150000.0,60074115,9.062,0.19249000000000002,polo,dot-usdt,1.74434438,0.0,spot,dot,2022-08-15 01:32:30,2022,1
89453182,1660527150000.0,60074116,9.028,0.7793,polo,dot-usdt,7.0355204,0.0,spot,dot,2022-08-15 01:32:30,2022,1
89453183,1660527157000.0,60074117,9.063,7.579909999999999,polo,dot-usdt,68.69672433,0.0,spot,dot,2022-08-15 01:32:37,2022,1
89453184,1660527162000.0,60074118,9.075,7.892390000000001,polo,dot-usdt,71.62343925,0.0,spot,dot,2022-08-15 01:32:42,2022,1
89453185,1660527166000.0,60074119,9.053,4.56386,polo,dot-usdt,41.31662458,0.0,spot,dot,2022-08-15 01:32:46,2022,1
89453186,1660527166000.0,60074120,9.053,9.999999999999999e-06,polo,dot-usdt,9.053e-05,0.0,spot,dot,2022-08-15 01:32:46,2022,1
89453187,1660527170000.0,60074121,9.071,3.38199,polo,dot-usdt,30.67803129,0.0,spot,dot,2022-08-15 01:32:50,2022,1
89453188,1660527174000.0,60074122,9.032,2.77674,polo,dot-usdt,25.079515680000004,0.0,spot,dot,2022-08-15 01:32:54,2022,1
89453189,1660527175000.0,60074123,9.053,7.77966,polo,dot-usdt,70.42926198,0.0,spot,dot,2022-08-15 01:32:55,2022,1
89453190,1660527179000.0,60074124,9.08,7.9269,polo,dot-usdt,71.976252,0.0,spot,dot,2022-08-15 01:32:59,2022,1
89453191,1660527179000.0,60074125,9.08,0.08526,polo,dot-usdt,0.7741608,0.0,spot,dot,2022-08-15 01:32:59,2022,1
89453192,1660527179000.0,60074126,9.031,1.46385,polo,dot-usdt,13.220029350000003,0.0,spot,dot,2022-08-15 01:32:59,2022,1
89453193,1660527188000.0,60074127,9.08,3.4962400000000002,polo,dot-usdt,31.7458592,0.0,spot,dot,2022-08-15 01:33:08,2022,1
89453194,1660527193000.0,60074128,9.078,4.51072,polo,dot-usdt,40.94831616,0.0,spot,dot,2022-08-15 01:33:13,2022,1
89453195,1660527197000.0,60074129,9.076,2.21671,polo,dot-usdt,20.11885996,0.0,spot,dot,2022-08-15 01:33:17,2022,1
89453196,1660527201000.0,60074130,9.076,0.027469999999999998,polo,dot-usdt,0.24931772,0.0,spot,dot,2022-08-15 01:33:21,2022,1
89453197,1660527209000.0,60074131,9.074,2.46711,polo,dot-usdt,22.38655614,0.0,spot,dot,2022-08-15 01:33:29,2022,1
89453198,1660527219000.0,60074132,9.079,3.2282499999999996,polo,dot-usdt,29.30928175,0.0,spot,dot,2022-08-15 01:33:39,2022,1
89453199,1660527223000.0,60074133,9.078,2.23051,polo,dot-usdt,20.24856978,0.0,spot,dot,2022-08-15 01:33:43,2022,1
89453200,1660527228000.0,60074134,9.079,1.88187,polo,dot-usdt,17.08549773,0.0,spot,dot,2022-08-15 01:33:48,2022,1
89453201,1660527232000.0,60074135,9.077,6.00265,polo,dot-usdt,54.48605405,0.0,spot,dot,2022-08-15 01:33:52,2022,1
89453202,1660527236000.0,60074136,9.079,5.19286,polo,dot-usdt,47.14597594,0.0,spot,dot,2022-08-15 01:33:56,2022,1
89453203,1660527241000.0,60074137,9.08,4.27364,polo,dot-usdt,38.8046512,0.0,spot,dot,2022-08-15 01:34:01,2022,1
89453204,1660527245000.0,60074138,9.078,4.65737,polo,dot-usdt,42.27960486,0.0,spot,dot,2022-08-15 01:34:05,2022,1
89453205,1660527247000.0,60074139,9.078,0.14307,polo,dot-usdt,1.2987894599999998,0.0,spot,dot,2022-08-15 01:34:07,2022,1
89453206,1660527250000.0,60074140,9.078,3.79679,polo,dot-usdt,34.46725962,0.0,spot,dot,2022-08-15 01:34:10,2022,1
89453207,1660527254000.0,60074141,9.076,1.7844099999999998,polo,dot-usdt,16.19530516,0.0,spot,dot,2022-08-15 01:34:14,2022,1
89453208,1660527258000.0,60074142,9.078,5.79009,polo,dot-usdt,52.56243702,0.0,spot,dot,2022-08-15 01:34:18,2022,1
89453209,1660527272000.0,60074143,9.079,2.6757799999999996,polo,dot-usdt,24.29340662,0.0,spot,dot,2022-08-15 01:34:32,2022,1
89453210,1660527272000.0,60074144,9.079,6e-05,polo,dot-usdt,0.00054474,0.0,spot,dot,2022-08-15 01:34:32,2022,1
89453211,1660527272000.0,60074145,9.047,4.97058,polo,dot-usdt,44.96883726,0.0,spot,dot,2022-08-15 01:34:32,2022,1
89453212,1660527272000.0,60074146,9.047,2.3130699999999997,polo,dot-usdt,20.92634429,0.0,spot,dot,2022-08-15 01:34:32,2022,1
89453213,1660527284000.0,60074147,9.079,5.194179999999999,polo,dot-usdt,47.15796022,0.0,spot,dot,2022-08-15 01:34:44,2022,1
89453214,1660527288000.0,60074148,9.079,0.13165,polo,dot-usdt,1.19525035,0.0,spot,dot,2022-08-15 01:34:48,2022,1
89453215,1660527289000.0,60074149,9.08,5.9546,polo,dot-usdt,54.067768,0.0,spot,dot,2022-08-15 01:34:49,2022,1
89453216,1660527293000.0,60074150,9.078,7.16108,polo,dot-usdt,65.00828424,0.0,spot,dot,2022-08-15 01:34:53,2022,1
89453217,1660527298000.0,60074151,9.08,5.23586,polo,dot-usdt,47.5416088,0.0,spot,dot,2022-08-15 01:34:58,2022,1
89453218,1660527302000.0,60074152,9.079,6.7349,polo,dot-usdt,61.1461571,0.0,spot,dot,2022-08-15 01:35:02,2022,1
89453219,1660527304000.0,60074153,9.079,0.01995,polo,dot-usdt,0.18112605,0.0,spot,dot,2022-08-15 01:35:04,2022,1
89453220,1660527307000.0,60074154,9.079,6.97696,polo,dot-usdt,63.34381984,0.0,spot,dot,2022-08-15 01:35:07,2022,1
89453221,1660527308000.0,60074155,9.079,0.14107999999999998,polo,dot-usdt,1.28086532,0.0,spot,dot,2022-08-15 01:35:08,2022,1
89453222,1660527311000.0,60074156,9.079,3.61505,polo,dot-usdt,32.82103895,0.0,spot,dot,2022-08-15 01:35:11,2022,1
89453223,1660527315000.0,60074157,9.075,6.807150000000001,polo,dot-usdt,61.77488625,0.0,spot,dot,2022-08-15 01:35:15,2022,1
89453224,1660527324000.0,60074158,9.073,5.391299999999999,polo,dot-usdt,48.9152649,0.0,spot,dot,2022-08-15 01:35:24,2022,1
89453225,1660527328000.0,60074159,9.071,3.98879,polo,dot-usdt,36.18231409,0.0,spot,dot,2022-08-15 01:35:28,2022,1
89453226,1660527333000.0,60074160,9.073,6.484249999999999,polo,dot-usdt,58.831600249999994,0.0,spot,dot,2022-08-15 01:35:33,2022,1
89453227,1660527342000.0,60074161,9.072,6.241070000000001,polo,dot-usdt,56.61898704,0.0,spot,dot,2022-08-15 01:35:42,2022,1
89453228,1660527346000.0,60074162,9.072,2.9514500000000004,polo,dot-usdt,26.7755544,0.0,spot,dot,2022-08-15 01:35:46,2022,1
89453229,1660527376000.0,60074163,9.07,5.20133,polo,dot-usdt,47.1760631,0.0,spot,dot,2022-08-15 01:36:16,2022,1
89453230,1660527381000.0,60074164,9.079,7.28722,polo,dot-usdt,66.16067038,0.0,spot,dot,2022-08-15 01:36:21,2022,1
89453231,1660527385000.0,60074165,9.083,6.24037,polo,dot-usdt,56.68128071,0.0,spot,dot,2022-08-15 01:36:25,2022,1
89453232,1660527395000.0,60074166,9.056,7.45736,polo,dot-usdt,67.53385216,0.0,spot,dot,2022-08-15 01:36:35,2022,1
89453233,1660527403000.0,60074167,9.071,2.40075,polo,dot-usdt,21.77720325,0.0,spot,dot,2022-08-15 01:36:43,2022,1
89453234,1660527444000.0,60074168,9.071,0.11996,polo,dot-usdt,1.08815716,0.0,spot,dot,2022-08-15 01:37:24,2022,1
89453235,1660527464000.0,60074169,9.058,1.94493,polo,dot-usdt,17.61717594,0.0,spot,dot,2022-08-15 01:37:44,2022,1
89453236,1660527473000.0,60074170,9.057,3.2721199999999997,polo,dot-usdt,29.63559084,0.0,spot,dot,2022-08-15 01:37:53,2022,1
89453237,1660527477000.0,60074171,9.053,2.6190299999999995,polo,dot-usdt,23.71007859,0.0,spot,dot,2022-08-15 01:37:57,2022,1
89453238,1660527482000.0,60074172,9.07,3.44052,polo,dot-usdt,31.2055164,0.0,spot,dot,2022-08-15 01:38:02,2022,1
89453239,1660527482000.0,60074173,9.07,0.69899,polo,dot-usdt,6.3398393,0.0,spot,dot,2022-08-15 01:38:02,2022,1
89453240,1660527486000.0,60074174,9.086,7.406569999999999,polo,dot-usdt,67.29609502,0.0,spot,dot,2022-08-15 01:38:06,2022,1
89453241,1660527490000.0,60074175,9.084,7.19671,polo,dot-usdt,65.37491364,0.0,spot,dot,2022-08-15 01:38:10,2022,1
89453242,1660527494000.0,60074176,9.048,4.9766200000000005,polo,dot-usdt,45.02845776,0.0,spot,dot,2022-08-15 01:38:14,2022,1
89453243,1660527495000.0,60074177,9.083,2.65976,polo,dot-usdt,24.15860008,0.0,spot,dot,2022-08-15 01:38:15,2022,1
89453244,1660527501000.0,60074178,9.082,5.24133,polo,dot-usdt,47.60175906,0.0,spot,dot,2022-08-15 01:38:21,2022,1
89453245,1660527508000.0,60074179,9.066,7.2802999999999995,polo,dot-usdt,66.0031998,0.0,spot,dot,2022-08-15 01:38:28,2022,1
89453246,1660527512000.0,60074180,9.058,6.91624,polo,dot-usdt,62.647301920000004,0.0,spot,dot,2022-08-15 01:38:32,2022,1
89453247,1660527517000.0,60074181,9.072,7.000570000000001,polo,dot-usdt,63.50917104,0.0,spot,dot,2022-08-15 01:38:37,2022,1
89453248,1660527525000.0,60074182,9.068,2.46529,polo,dot-usdt,22.35524972,0.0,spot,dot,2022-08-15 01:38:45,2022,1
89453249,1660527561000.0,60074183,9.084,5.36508,polo,dot-usdt,48.73638672,0.0,spot,dot,2022-08-15 01:39:21,2022,1
89453250,1660527565000.0,60074184,9.069,6.92019,polo,dot-usdt,62.75920311,0.0,spot,dot,2022-08-15 01:39:25,2022,1
89453251,1660527567000.0,60074185,9.069,0.06402999999999999,polo,dot-usdt,0.58068807,0.0,spot,dot,2022-08-15 01:39:27,2022,1
89453252,1660527567000.0,60074186,9.055,3.6697400000000004,polo,dot-usdt,33.2294957,0.0,spot,dot,2022-08-15 01:39:27,2022,1
89453253,1660527569000.0,60074187,9.069,7.86095,polo,dot-usdt,71.29095555,0.0,spot,dot,2022-08-15 01:39:29,2022,1
89453254,1660527573000.0,60074188,9.062,2.7166,polo,dot-usdt,24.6178292,0.0,spot,dot,2022-08-15 01:39:33,2022,1
89453255,1660527578000.0,60074189,9.073,5.70682,polo,dot-usdt,51.77797786,0.0,spot,dot,2022-08-15 01:39:38,2022,1
89453256,1660527587000.0,60074190,9.069,3.31153,polo,dot-usdt,30.03226557,0.0,spot,dot,2022-08-15 01:39:47,2022,1
89453257,1660527600000.0,60074191,9.082,6.18569,polo,dot-usdt,56.17843658,0.0,spot,dot,2022-08-15 01:40:00,2022,1
89453258,1660527605000.0,60074192,9.075,3.64313,polo,dot-usdt,33.06140475,0.0,spot,dot,2022-08-15 01:40:05,2022,1
89453259,1660527617000.0,60074193,9.081,3.41814,polo,dot-usdt,31.04012934,0.0,spot,dot,2022-08-15 01:40:17,2022,1
89453260,1660527621000.0,60074194,9.087,3.8023499999999997,polo,dot-usdt,34.55195445,0.0,spot,dot,2022-08-15 01:40:21,2022,1
89453261,1660527626000.0,60074195,9.082,8.46964,polo,dot-usdt,76.92127048,0.0,spot,dot,2022-08-15 01:40:26,2022,1
89453262,1660527630000.0,60074196,9.088,3.6084300000000002,polo,dot-usdt,32.79341184,0.0,spot,dot,2022-08-15 01:40:30,2022,1
89453263,1660527634000.0,60074197,9.088,5.30393,polo,dot-usdt,48.20211584,0.0,spot,dot,2022-08-15 01:40:34,2022,1
89453264,1660527640000.0,60074198,9.091,2.57893,polo,dot-usdt,23.44505263,0.0,spot,dot,2022-08-15 01:40:40,2022,1
89453265,1660527648000.0,60074199,9.085,1.8757699999999997,polo,dot-usdt,17.04137045,0.0,spot,dot,2022-08-15 01:40:48,2022,1
89453266,1660527661000.0,60074200,9.073,7.80797,polo,dot-usdt,70.84171181,0.0,spot,dot,2022-08-15 01:41:01,2022,1
89453267,1660527663000.0,60074201,9.073,0.27596,polo,dot-usdt,2.50378508,0.0,spot,dot,2022-08-15 01:41:03,2022,1
