uid,time,trade_id,price,amount,exchange,instrmnt,vol_dllr,sell2,Class,Asset,datetime,year,hour
89492148,1660523605000.0,60126968,63.27,0.498955,polo,ltc-usdt,31.56888285,0.0,spot,ltc,2022-08-15 00:33:25,2022,0
89492565,1660525454000.0,60127385,63.799,0.005015000078371135,polo,ltc-usdt,0.31995199,0.0,spot,ltc,2022-08-15 01:04:14,2022,1
89492566,1660525458000.0,60127386,63.799,0.17539200003134847,polo,ltc-usdt,11.18983421,0.0,spot,ltc,2022-08-15 01:04:18,2022,1
89492567,1660525458000.0,60127387,63.798,0.06882999999999999,polo,ltc-usdt,4.39121634,0.0,spot,ltc,2022-08-15 01:04:18,2022,1
89492568,1660525458000.0,60127388,63.743,0.140097999937248,polo,ltc-usdt,8.930266809999999,0.0,spot,ltc,2022-08-15 01:04:18,2022,1
89492569,1660525458000.0,60127389,63.743,0.38432,polo,ltc-usdt,24.49770976,0.0,spot,ltc,2022-08-15 01:04:18,2022,1
89492570,1660525471000.0,60127390,63.761,0.13345500007841785,polo,ltc-usdt,8.50922426,0.0,spot,ltc,2022-08-15 01:04:31,2022,1
89492571,1660525476000.0,60127391,63.744,0.500945,polo,ltc-usdt,31.932238079999998,0.0,spot,ltc,2022-08-15 01:04:36,2022,1
89492572,1660525484000.0,60127392,63.759,0.19820899998431593,polo,ltc-usdt,12.63760763,0.0,spot,ltc,2022-08-15 01:04:44,2022,1
89492573,1660525487000.0,60127393,63.759,0.01824300004705218,polo,ltc-usdt,1.16315544,0.0,spot,ltc,2022-08-15 01:04:47,2022,1
89492574,1660525488000.0,60127394,63.753,0.16980200006274215,polo,ltc-usdt,10.82538691,0.0,spot,ltc,2022-08-15 01:04:48,2022,1
89492575,1660525496000.0,60127395,63.755,0.252374,polo,ltc-usdt,16.09010437,0.0,spot,ltc,2022-08-15 01:04:56,2022,1
89492576,1660525502000.0,60127396,63.745,0.18666100007843753,polo,ltc-usdt,11.89870545,0.0,spot,ltc,2022-08-15 01:05:02,2022,1
89492577,1660525515000.0,60127397,63.744,0.3440429999686245,polo,ltc-usdt,21.93067699,0.0,spot,ltc,2022-08-15 01:05:15,2022,1
89492578,1660525524000.0,60127398,63.744,0.5636479999686246,polo,ltc-usdt,35.92917811,0.0,spot,ltc,2022-08-15 01:05:24,2022,1
89492579,1660525532000.0,60127399,63.744,0.6155420000313756,polo,ltc-usdt,39.23710925,0.0,spot,ltc,2022-08-15 01:05:32,2022,1
89492580,1660525540000.0,60127400,63.814,0.16321099993731783,polo,ltc-usdt,10.41514675,0.0,spot,ltc,2022-08-15 01:05:40,2022,1
89492581,1660525540000.0,60127401,63.743,0.22110900004706396,polo,ltc-usdt,14.09415099,0.0,spot,ltc,2022-08-15 01:05:40,2022,1
89492582,1660525546000.0,60127402,63.715,0.6880890000784744,polo,ltc-usdt,43.84159064,0.0,spot,ltc,2022-08-15 01:05:46,2022,1
89492583,1660525547000.0,60127403,63.731,0.03887500007845475,polo,ltc-usdt,2.47754263,0.0,spot,ltc,2022-08-15 01:05:47,2022,1
89492584,1660525550000.0,60127404,63.734,0.5857190000627609,polo,ltc-usdt,37.33021475,0.0,spot,ltc,2022-08-15 01:05:50,2022,1
89492585,1660525556000.0,60127405,63.812,0.10296599996865793,polo,ltc-usdt,6.57046639,0.0,spot,ltc,2022-08-15 01:05:56,2022,1
89492586,1660525556000.0,60127406,63.733,0.2813539999686191,polo,ltc-usdt,17.93153448,0.0,spot,ltc,2022-08-15 01:05:56,2022,1
89492587,1660525559000.0,60127407,63.734,0.2956559999372391,polo,ltc-usdt,18.8433395,0.0,spot,ltc,2022-08-15 01:05:59,2022,1
89492588,1660525567000.0,60127408,63.775,0.38150300007840066,polo,ltc-usdt,24.33035383,0.0,spot,ltc,2022-08-15 01:06:07,2022,1
89492589,1660525572000.0,60127409,63.734,0.180425,polo,ltc-usdt,11.49920695,0.0,spot,ltc,2022-08-15 01:06:12,2022,1
89492590,1660525573000.0,60127410,63.734,0.003525,polo,ltc-usdt,0.22466235,0.0,spot,ltc,2022-08-15 01:06:13,2022,1
89492591,1660525573000.0,60127411,63.734,0.03706900006276085,polo,ltc-usdt,2.36255565,0.0,spot,ltc,2022-08-15 01:06:13,2022,1
89492592,1660525578000.0,60127412,63.828,0.11369700006266842,polo,ltc-usdt,7.25705212,0.0,spot,ltc,2022-08-15 01:06:18,2022,1
89492593,1660525578000.0,60127413,63.828,0.0011660000313342108,polo,ltc-usdt,0.07442345,0.0,spot,ltc,2022-08-15 01:06:18,2022,1
89492594,1660525578000.0,60127414,63.774,0.2828140000627215,polo,ltc-usdt,18.03618004,0.0,spot,ltc,2022-08-15 01:06:18,2022,1
89492595,1660525578000.0,60127415,63.72,0.10034,polo,ltc-usdt,6.3936648,0.0,spot,ltc,2022-08-15 01:06:18,2022,1
89492596,1660525585000.0,60127416,63.749,0.17535899998431348,polo,ltc-usdt,11.17896089,0.0,spot,ltc,2022-08-15 01:06:25,2022,1
89492597,1660525585000.0,60127417,63.721,0.20896099998430662,polo,ltc-usdt,13.31520388,0.0,spot,ltc,2022-08-15 01:06:25,2022,1
89492598,1660525598000.0,60127418,63.71,0.6097509999999999,polo,ltc-usdt,38.84723621,0.0,spot,ltc,2022-08-15 01:06:38,2022,1
89492599,1660525607000.0,60127419,63.71,0.392536,polo,ltc-usdt,25.00846856,0.0,spot,ltc,2022-08-15 01:06:47,2022,1
89492600,1660525616000.0,60127420,63.71,0.695134,polo,ltc-usdt,44.28698714,0.0,spot,ltc,2022-08-15 01:06:56,2022,1
89492601,1660525620000.0,60127421,63.711,0.6159250000784794,polo,ltc-usdt,39.24119768,0.0,spot,ltc,2022-08-15 01:07:00,2022,1
89492602,1660525629000.0,60127422,63.71,0.681218,polo,ltc-usdt,43.40039878,0.0,spot,ltc,2022-08-15 01:07:09,2022,1
89492603,1660525630000.0,60127423,63.721,0.19737299995291976,polo,ltc-usdt,12.57680493,0.0,spot,ltc,2022-08-15 01:07:10,2022,1
89492604,1660525633000.0,60127424,63.722,0.5057499999999999,polo,ltc-usdt,32.2274015,0.0,spot,ltc,2022-08-15 01:07:13,2022,1
89492605,1660525637000.0,60127425,63.722,0.014639000031386334,polo,ltc-usdt,0.93282636,0.0,spot,ltc,2022-08-15 01:07:17,2022,1
89492606,1660525637000.0,60127426,63.722,0.4638680000627726,polo,ltc-usdt,29.5585967,0.0,spot,ltc,2022-08-15 01:07:17,2022,1
89492607,1660525638000.0,60127427,63.723,0.11255399996861416,polo,ltc-usdt,7.17227854,0.0,spot,ltc,2022-08-15 01:07:18,2022,1
89492608,1660525642000.0,60127428,63.71,0.711982,polo,ltc-usdt,45.36037322,0.0,spot,ltc,2022-08-15 01:07:22,2022,1
89492609,1660525643000.0,60127429,63.709,0.49785400006278546,polo,ltc-usdt,31.71778049,0.0,spot,ltc,2022-08-15 01:07:23,2022,1
89492610,1660525645000.0,60127430,63.629,0.2067679999685678,polo,ltc-usdt,13.15644107,0.0,spot,ltc,2022-08-15 01:07:25,2022,1
89492611,1660525646000.0,60127431,63.63,0.37069399999999997,polo,ltc-usdt,23.58725922,0.0,spot,ltc,2022-08-15 01:07:26,2022,1
89492612,1660525652000.0,60127432,63.677,0.18521800006281702,polo,ltc-usdt,11.79412659,0.0,spot,ltc,2022-08-15 01:07:32,2022,1
89492613,1660525659000.0,60127433,63.729,0.2238640000627658,polo,ltc-usdt,14.26662886,0.0,spot,ltc,2022-08-15 01:07:39,2022,1
89492614,1660525660000.0,60127434,63.757,0.23193500007842277,polo,ltc-usdt,14.7874798,0.0,spot,ltc,2022-08-15 01:07:40,2022,1
89492615,1660525667000.0,60127435,63.652,0.1625569999371583,polo,ltc-usdt,10.34707816,0.0,spot,ltc,2022-08-15 01:07:47,2022,1
89492616,1660525668000.0,60127436,63.544,0.6746650000000001,polo,ltc-usdt,42.87091276,0.0,spot,ltc,2022-08-15 01:07:48,2022,1
89492617,1660525672000.0,60127437,63.592,0.5915090000314505,polo,ltc-usdt,37.61524033,0.0,spot,ltc,2022-08-15 01:07:52,2022,1
89492618,1660525681000.0,60127438,63.592,0.1814059999685495,polo,ltc-usdt,11.53597035,0.0,spot,ltc,2022-08-15 01:08:01,2022,1
89492619,1660525683000.0,60127439,63.591,0.07674500007862747,polo,ltc-usdt,4.8802913,0.0,spot,ltc,2022-08-15 01:08:03,2022,1
89492620,1660525683000.0,60127440,63.591,0.00012,polo,ltc-usdt,0.00763092,0.0,spot,ltc,2022-08-15 01:08:03,2022,1
89492621,1660525690000.0,60127441,63.593,0.399916999984275,polo,ltc-usdt,25.43192178,0.0,spot,ltc,2022-08-15 01:08:10,2022,1
89492622,1660525694000.0,60127442,63.595,0.7179059999999999,polo,ltc-usdt,45.65523207,0.0,spot,ltc,2022-08-15 01:08:14,2022,1
89492623,1660525703000.0,60127443,63.488,0.428806000031502,polo,ltc-usdt,27.22403533,0.0,spot,ltc,2022-08-15 01:08:23,2022,1
89492624,1660525703000.0,60127444,63.488,0.013522000063004032,polo,ltc-usdt,0.85848474,0.0,spot,ltc,2022-08-15 01:08:23,2022,1
89492625,1660525708000.0,60127445,63.532,0.21311500000000003,polo,ltc-usdt,13.53962218,0.0,spot,ltc,2022-08-15 01:08:28,2022,1
89492626,1660525716000.0,60127446,63.533,0.3878160000314797,polo,ltc-usdt,24.63911393,0.0,spot,ltc,2022-08-15 01:08:36,2022,1
89492627,1660525721000.0,60127447,63.561,0.41512,polo,ltc-usdt,26.38544232,0.0,spot,ltc,2022-08-15 01:08:41,2022,1
89492628,1660525730000.0,60127448,63.563,0.3151739999685351,polo,ltc-usdt,20.03340496,0.0,spot,ltc,2022-08-15 01:08:50,2022,1
89492629,1660525734000.0,60127449,63.564,0.48077,polo,ltc-usdt,30.55966428,0.0,spot,ltc,2022-08-15 01:08:54,2022,1
89492630,1660525739000.0,60127450,63.565,0.317406,polo,ltc-usdt,20.17591239,0.0,spot,ltc,2022-08-15 01:08:59,2022,1
89492631,1660525742000.0,60127451,63.564,0.22646799996853564,polo,ltc-usdt,14.39521195,0.0,spot,ltc,2022-08-15 01:09:02,2022,1
89492632,1660525756000.0,60127452,63.564,0.3854729999685356,polo,ltc-usdt,24.50220577,0.0,spot,ltc,2022-08-15 01:09:16,2022,1
89492633,1660525756000.0,60127453,63.664,0.14692299996858507,polo,ltc-usdt,9.35370587,0.0,spot,ltc,2022-08-15 01:09:16,2022,1
89492634,1660525761000.0,60127454,63.665,0.35284800000000005,polo,ltc-usdt,22.46406792,0.0,spot,ltc,2022-08-15 01:09:21,2022,1
89492635,1660525765000.0,60127455,63.666,0.3297480000314139,polo,ltc-usdt,20.99373617,0.0,spot,ltc,2022-08-15 01:09:25,2022,1
89492636,1660525770000.0,60127456,63.572,0.47659499999999994,polo,ltc-usdt,30.298097339999998,0.0,spot,ltc,2022-08-15 01:09:30,2022,1
89492637,1660525774000.0,60127457,63.661,0.6999139999371672,polo,ltc-usdt,44.55722515,0.0,spot,ltc,2022-08-15 01:09:34,2022,1
89492638,1660525778000.0,60127458,63.769,0.2292330000470448,polo,ltc-usdt,14.61795918,0.0,spot,ltc,2022-08-15 01:09:38,2022,1
89492639,1660525782000.0,60127459,63.664,1.53635400006283,polo,ltc-usdt,97.81044106,0.0,spot,ltc,2022-08-15 01:09:42,2022,1
89492640,1660525792000.0,60127460,63.767,0.5417280000627284,polo,ltc-usdt,34.54436938,0.0,spot,ltc,2022-08-15 01:09:52,2022,1
89492641,1660525794000.0,60127461,63.889,0.03469400006260858,polo,ltc-usdt,2.21656497,0.0,spot,ltc,2022-08-15 01:09:54,2022,1
89492642,1660525796000.0,60127462,63.828,0.38432,polo,ltc-usdt,24.53037696,0.0,spot,ltc,2022-08-15 01:09:56,2022,1
89492643,1660525796000.0,60127463,63.828,0.097075,polo,ltc-usdt,6.1961031,0.0,spot,ltc,2022-08-15 01:09:56,2022,1
89492644,1660525796000.0,60127464,63.674,0.38432,polo,ltc-usdt,24.47119168,0.0,spot,ltc,2022-08-15 01:09:56,2022,1
89492645,1660525805000.0,60127465,63.889,0.7720910000156521,polo,ltc-usdt,49.3281219,0.0,spot,ltc,2022-08-15 01:10:05,2022,1
89492646,1660525813000.0,60127466,63.694,0.48325,polo,ltc-usdt,30.7801255,0.0,spot,ltc,2022-08-15 01:10:13,2022,1
89492647,1660525822000.0,60127467,63.694,0.55958,polo,ltc-usdt,35.64188852,0.0,spot,ltc,2022-08-15 01:10:22,2022,1
89492648,1660525827000.0,60127468,63.696,0.32440100006279826,polo,ltc-usdt,20.6630461,0.0,spot,ltc,2022-08-15 01:10:27,2022,1
89492649,1660525831000.0,60127469,63.697,0.6040670000156994,polo,ltc-usdt,38.4772557,0.0,spot,ltc,2022-08-15 01:10:31,2022,1
89492650,1660525835000.0,60127470,63.694,0.6310670000314,polo,ltc-usdt,40.1951815,0.0,spot,ltc,2022-08-15 01:10:35,2022,1
89492651,1660525840000.0,60127471,63.695,0.46996500007849906,polo,ltc-usdt,29.93442068,0.0,spot,ltc,2022-08-15 01:10:40,2022,1
89492652,1660525853000.0,60127472,63.696,0.27061,polo,ltc-usdt,17.23677456,0.0,spot,ltc,2022-08-15 01:10:53,2022,1
89492653,1660525861000.0,60127473,63.722,0.09437099996861366,polo,ltc-usdt,6.01350886,0.0,spot,ltc,2022-08-15 01:11:01,2022,1
89492654,1660525866000.0,60127474,63.722,0.004319999999999999,polo,ltc-usdt,0.27527904,0.0,spot,ltc,2022-08-15 01:11:06,2022,1
89492655,1660525866000.0,60127475,63.659,0.4943150000785435,polo,ltc-usdt,31.46759859,0.0,spot,ltc,2022-08-15 01:11:06,2022,1
89492656,1660525868000.0,60127476,63.722,0.14174300006277266,polo,ltc-usdt,9.03214745,0.0,spot,ltc,2022-08-15 01:11:08,2022,1
89492657,1660525870000.0,60127477,63.66,0.31033200000000005,polo,ltc-usdt,19.75573512,0.0,spot,ltc,2022-08-15 01:11:10,2022,1
89492658,1660525875000.0,60127478,63.662,0.40743199993716817,polo,ltc-usdt,25.93793598,0.0,spot,ltc,2022-08-15 01:11:15,2022,1
89492659,1660525876000.0,60127479,63.693,0.17905900004710093,polo,ltc-usdt,11.40480489,0.0,spot,ltc,2022-08-15 01:11:16,2022,1
89492660,1660525879000.0,60127480,63.664,0.6461909999371702,polo,ltc-usdt,41.13910382,0.0,spot,ltc,2022-08-15 01:11:19,2022,1
89492661,1660525884000.0,60127481,63.661,0.3832719999685836,polo,ltc-usdt,24.39947879,0.0,spot,ltc,2022-08-15 01:11:24,2022,1
89492662,1660525897000.0,60127482,63.666,0.544696999968586,polo,ltc-usdt,34.6786792,0.0,spot,ltc,2022-08-15 01:11:37,2022,1
89492663,1660525897000.0,60127483,63.75,0.19364800000000001,polo,ltc-usdt,12.34506,0.0,spot,ltc,2022-08-15 01:11:37,2022,1
89492664,1660525901000.0,60127484,63.668,0.41980899996858706,polo,ltc-usdt,26.72839941,0.0,spot,ltc,2022-08-15 01:11:41,2022,1
89492665,1660525905000.0,60127485,63.712,0.07879300006278252,polo,ltc-usdt,5.02005962,0.0,spot,ltc,2022-08-15 01:11:45,2022,1
89492666,1660525912000.0,60127486,63.837,0.03199500007832448,polo,ltc-usdt,2.04246482,0.0,spot,ltc,2022-08-15 01:11:52,2022,1
89492667,1660525912000.0,60127487,63.773,0.15733600003136122,polo,ltc-usdt,10.03378873,0.0,spot,ltc,2022-08-15 01:11:52,2022,1
89492668,1660525914000.0,60127488,63.673,0.4472720000628209,polo,ltc-usdt,28.47915006,0.0,spot,ltc,2022-08-15 01:11:54,2022,1
89492669,1660525919000.0,60127489,63.674,0.40852599993718003,polo,ltc-usdt,26.01248452,0.0,spot,ltc,2022-08-15 01:11:59,2022,1
89492670,1660525928000.0,60127490,63.837,1.5846459999686702,polo,ltc-usdt,101.1590467,0.0,spot,ltc,2022-08-15 01:12:08,2022,1
89492671,1660525928000.0,60127491,63.837,1.5859170000156648,polo,ltc-usdt,101.24018353,0.0,spot,ltc,2022-08-15 01:12:08,2022,1
89492672,1660525932000.0,60127492,63.662,0.5505930000628317,polo,ltc-usdt,35.05185157,0.0,spot,ltc,2022-08-15 01:12:12,2022,1
89492673,1660525934000.0,60127493,63.751,0.1731339999372559,polo,ltc-usdt,11.03746563,0.0,spot,ltc,2022-08-15 01:12:14,2022,1
89492674,1660525936000.0,60127494,63.752,0.4612109999686284,polo,ltc-usdt,29.40312367,0.0,spot,ltc,2022-08-15 01:12:16,2022,1
89492675,1660525942000.0,60127495,63.792,0.14715199993729622,polo,ltc-usdt,9.38712038,0.0,spot,ltc,2022-08-15 01:12:22,2022,1
89492676,1660525945000.0,60127496,63.663,0.14666200006283084,polo,ltc-usdt,9.33694291,0.0,spot,ltc,2022-08-15 01:12:25,2022,1
89492677,1660525949000.0,60127497,63.729,0.05387599993723423,polo,ltc-usdt,3.4334636,0.0,spot,ltc,2022-08-15 01:12:29,2022,1
89492678,1660525949000.0,60127498,63.664,0.5839650000000001,polo,ltc-usdt,37.17754776,0.0,spot,ltc,2022-08-15 01:12:29,2022,1
89492679,1660525954000.0,60127499,63.665,0.16511800000000001,polo,ltc-usdt,10.51223747,0.0,spot,ltc,2022-08-15 01:12:34,2022,1
89492680,1660525967000.0,60127500,63.663,0.5423350000785385,polo,ltc-usdt,34.52667311,0.0,spot,ltc,2022-08-15 01:12:47,2022,1
89492681,1660525976000.0,60127501,63.775,0.213174,polo,ltc-usdt,13.59517185,0.0,spot,ltc,2022-08-15 01:12:56,2022,1
89492682,1660525980000.0,60127502,63.778,0.31632299993728247,polo,ltc-usdt,20.17444829,0.0,spot,ltc,2022-08-15 01:13:00,2022,1
89492683,1660525985000.0,60127503,63.713,0.29167,polo,ltc-usdt,18.58317071,0.0,spot,ltc,2022-08-15 01:13:05,2022,1
89492684,1660526016000.0,60127504,63.652,0.16143,polo,ltc-usdt,10.27534236,0.0,spot,ltc,2022-08-15 01:13:36,2022,1
89492685,1660526024000.0,60127505,63.576,0.1682689999370832,polo,ltc-usdt,10.69786994,0.0,spot,ltc,2022-08-15 01:13:44,2022,1
89492686,1660526029000.0,60127506,63.576,1.5964719999685415,polo,ltc-usdt,101.49730387,0.0,spot,ltc,2022-08-15 01:13:49,2022,1
89492687,1660526041000.0,60127507,63.592,0.4719040000314505,polo,ltc-usdt,30.00931917,0.0,spot,ltc,2022-08-15 01:14:01,2022,1
89492688,1660526046000.0,60127508,63.634,0.8889079999685703,polo,ltc-usdt,56.56477167,0.0,spot,ltc,2022-08-15 01:14:06,2022,1
89492689,1660526046000.0,60127509,63.624,0.2508979999685653,polo,ltc-usdt,15.96313435,0.0,spot,ltc,2022-08-15 01:14:06,2022,1
89492690,1660526059000.0,60127510,63.617,0.3079170000157191,polo,ltc-usdt,19.58875579,0.0,spot,ltc,2022-08-15 01:14:19,2022,1
89492691,1660526063000.0,60127511,63.618,0.2734129999371247,polo,ltc-usdt,17.39398823,0.0,spot,ltc,2022-08-15 01:14:23,2022,1
89492692,1660526068000.0,60127512,63.578,0.4025129999370851,polo,ltc-usdt,25.59097151,0.0,spot,ltc,2022-08-15 01:14:28,2022,1
89492693,1660526072000.0,60127513,63.644,0.153085,polo,ltc-usdt,9.74294174,0.0,spot,ltc,2022-08-15 01:14:32,2022,1
89492694,1660526099000.0,60127514,63.583,0.3096620000629099,polo,ltc-usdt,19.68923895,0.0,spot,ltc,2022-08-15 01:14:59,2022,1
89492695,1660526103000.0,60127515,63.556,0.5950219999685318,polo,ltc-usdt,37.81721823,0.0,spot,ltc,2022-08-15 01:15:03,2022,1
89492696,1660526106000.0,60127516,63.535,0.2194790000786968,polo,ltc-usdt,13.94459827,0.0,spot,ltc,2022-08-15 01:15:06,2022,1
89492697,1660526108000.0,60127517,63.522,0.4646130000629703,polo,ltc-usdt,29.51314699,0.0,spot,ltc,2022-08-15 01:15:08,2022,1
89492698,1660526112000.0,60127518,63.528,0.5030339999685178,polo,ltc-usdt,31.95674395,0.0,spot,ltc,2022-08-15 01:15:12,2022,1
89492699,1660526113000.0,60127519,63.516,0.053991000062976253,polo,ltc-usdt,3.42929236,0.0,spot,ltc,2022-08-15 01:15:13,2022,1
89492700,1660526114000.0,60127520,63.516,0.16052000000000002,polo,ltc-usdt,10.19558832,0.0,spot,ltc,2022-08-15 01:15:14,2022,1
89492701,1660526116000.0,60127521,63.522,0.4502269999370297,polo,ltc-usdt,28.59931949,0.0,spot,ltc,2022-08-15 01:15:16,2022,1
89492702,1660526121000.0,60127522,63.517,0.10332500007871907,polo,ltc-usdt,6.56289403,0.0,spot,ltc,2022-08-15 01:15:21,2022,1
89492703,1660526121000.0,60127523,63.519,0.22596100001574332,polo,ltc-usdt,14.35281676,0.0,spot,ltc,2022-08-15 01:15:21,2022,1
89492704,1660526128000.0,60127524,63.551,0.21523500007867696,polo,ltc-usdt,13.67839949,0.0,spot,ltc,2022-08-15 01:15:28,2022,1
89492705,1660526129000.0,60127525,63.551,0.010486000062941574,polo,ltc-usdt,0.66639579,0.0,spot,ltc,2022-08-15 01:15:29,2022,1
89492706,1660526129000.0,60127526,63.59,0.758814,polo,ltc-usdt,48.25298226,0.0,spot,ltc,2022-08-15 01:15:29,2022,1
89492707,1660526129000.0,60127527,63.59,0.7668069999999999,polo,ltc-usdt,48.76125713,0.0,spot,ltc,2022-08-15 01:15:29,2022,1
89492708,1660526134000.0,60127528,63.475,0.6642450000787712,polo,ltc-usdt,42.16295138,0.0,spot,ltc,2022-08-15 01:15:34,2022,1
89492709,1660526136000.0,60127529,63.534,0.2147720000314792,polo,ltc-usdt,13.64532425,0.0,spot,ltc,2022-08-15 01:15:36,2022,1
89492710,1660526139000.0,60127530,63.504,0.439695,polo,ltc-usdt,27.92239128,0.0,spot,ltc,2022-08-15 01:15:39,2022,1
89492711,1660526160000.0,60127531,63.487,0.36513299998424875,polo,ltc-usdt,23.18119877,0.0,spot,ltc,2022-08-15 01:16:00,2022,1
89492712,1660526165000.0,60127532,63.466,0.313261999968487,polo,ltc-usdt,19.88148609,0.0,spot,ltc,2022-08-15 01:16:05,2022,1
89492713,1660526169000.0,60127533,63.552,0.6257659999685298,polo,ltc-usdt,39.76868083,0.0,spot,ltc,2022-08-15 01:16:09,2022,1
89492714,1660526169000.0,60127534,63.444,0.05315099993695228,polo,ltc-usdt,3.37211204,0.0,spot,ltc,2022-08-15 01:16:09,2022,1
89492715,1660526173000.0,60127535,63.5,0.23041299999999998,polo,ltc-usdt,14.6312255,0.0,spot,ltc,2022-08-15 01:16:13,2022,1
89492716,1660526174000.0,60127536,63.526,0.46696800003148314,polo,ltc-usdt,29.66460917,0.0,spot,ltc,2022-08-15 01:16:14,2022,1
89492717,1660526181000.0,60127537,63.517,0.22726800006297526,polo,ltc-usdt,14.43538156,0.0,spot,ltc,2022-08-15 01:16:21,2022,1
89492718,1660526188000.0,60127538,63.514,0.17984599993702174,polo,ltc-usdt,11.42273884,0.0,spot,ltc,2022-08-15 01:16:28,2022,1
89492719,1660526196000.0,60127539,63.591,0.29686,polo,ltc-usdt,18.87762426,0.0,spot,ltc,2022-08-15 01:16:36,2022,1
89492720,1660526196000.0,60127540,63.628,0.1794160000314327,polo,ltc-usdt,11.41588125,0.0,spot,ltc,2022-08-15 01:16:36,2022,1
89492721,1660526200000.0,60127541,63.648,0.36354899996857715,polo,ltc-usdt,23.13916675,0.0,spot,ltc,2022-08-15 01:16:40,2022,1
89492722,1660526204000.0,60127542,63.656,0.09587199996858113,polo,ltc-usdt,6.10282803,0.0,spot,ltc,2022-08-15 01:16:44,2022,1
89492723,1660526204000.0,60127543,63.651,0.46243299995286796,polo,ltc-usdt,29.43432288,0.0,spot,ltc,2022-08-15 01:16:44,2022,1
89492724,1660526209000.0,60127544,63.651,0.44683199996857864,polo,ltc-usdt,28.44130363,0.0,spot,ltc,2022-08-15 01:16:49,2022,1
89492725,1660526211000.0,60127545,63.585,0.047717999999999997,polo,ltc-usdt,3.03414903,0.0,spot,ltc,2022-08-15 01:16:51,2022,1
89492726,1660526219000.0,60127546,63.617,0.08928599996856187,polo,ltc-usdt,5.68010746,0.0,spot,ltc,2022-08-15 01:16:59,2022,1
89492727,1660526222000.0,60127547,63.618,0.5697339999685623,polo,ltc-usdt,36.24533761,0.0,spot,ltc,2022-08-15 01:17:02,2022,1
89492728,1660526225000.0,60127548,63.618,0.009827000062875287,polo,ltc-usdt,0.62517409,0.0,spot,ltc,2022-08-15 01:17:05,2022,1
89492729,1660526225000.0,60127549,63.617,0.0009280000628762753,polo,ltc-usdt,0.05903658,0.0,spot,ltc,2022-08-15 01:17:05,2022,1
89492730,1660526225000.0,60127550,63.472,3.41994599996849,polo,ltc-usdt,217.07081251,0.0,spot,ltc,2022-08-15 01:17:05,2022,1
89492731,1660526231000.0,60127551,63.452,0.44436300006303975,polo,ltc-usdt,28.19572108,0.0,spot,ltc,2022-08-15 01:17:11,2022,1
89492732,1660526240000.0,60127552,63.452,0.45329099996848016,polo,ltc-usdt,28.76222053,0.0,spot,ltc,2022-08-15 01:17:20,2022,1
89492733,1660526243000.0,60127553,63.452,0.004028000063039779,polo,ltc-usdt,0.25558466,0.0,spot,ltc,2022-08-15 01:17:23,2022,1
89492734,1660526243000.0,60127554,63.546,0.12154199996852674,polo,ltc-usdt,7.72350793,0.0,spot,ltc,2022-08-15 01:17:23,2022,1
89492735,1660526248000.0,60127555,63.452,0.6443290000315199,polo,ltc-usdt,40.88396371,0.0,spot,ltc,2022-08-15 01:17:28,2022,1
89492736,1660526250000.0,60127556,63.5,0.05782,polo,ltc-usdt,3.67157,0.0,spot,ltc,2022-08-15 01:17:30,2022,1
89492737,1660526253000.0,60127557,63.5,0.000816,polo,ltc-usdt,0.051816,0.0,spot,ltc,2022-08-15 01:17:33,2022,1
89492738,1660526280000.0,60127558,63.524,0.09397700003148415,polo,ltc-usdt,5.96979495,0.0,spot,ltc,2022-08-15 01:18:00,2022,1
89492739,1660526284000.0,60127559,63.576,0.19787399993708318,polo,ltc-usdt,12.58003742,0.0,spot,ltc,2022-08-15 01:18:04,2022,1
89492740,1660526287000.0,60127560,63.6,0.20782499999999998,polo,ltc-usdt,13.21767,0.0,spot,ltc,2022-08-15 01:18:07,2022,1
89492741,1660526294000.0,60127561,63.577,0.14754700001572896,polo,ltc-usdt,9.38059562,0.0,spot,ltc,2022-08-15 01:18:14,2022,1
89492742,1660526300000.0,60127562,63.563,0.39697399996853516,polo,ltc-usdt,25.23285836,0.0,spot,ltc,2022-08-15 01:18:20,2022,1
89492743,1660526323000.0,60127563,63.573,0.35306600003145994,polo,ltc-usdt,22.44546482,0.0,spot,ltc,2022-08-15 01:18:43,2022,1
89492744,1660526327000.0,60127564,63.575,0.6199490000786473,polo,ltc-usdt,39.41325768,0.0,spot,ltc,2022-08-15 01:18:47,2022,1
89492745,1660526333000.0,60127565,63.577,0.0013229999842710415,polo,ltc-usdt,0.08411237,0.0,spot,ltc,2022-08-15 01:18:53,2022,1
89492746,1660526336000.0,60127566,63.736,0.3928380000313795,polo,ltc-usdt,25.03792277,0.0,spot,ltc,2022-08-15 01:18:56,2022,1
89492747,1660526345000.0,60127567,63.734,0.37473299996861953,polo,ltc-usdt,23.88323302,0.0,spot,ltc,2022-08-15 01:19:05,2022,1
89492748,1660526349000.0,60127568,63.735,0.660882,polo,ltc-usdt,42.12131427,0.0,spot,ltc,2022-08-15 01:19:09,2022,1
89492749,1660526353000.0,60127569,63.736,0.028600000000000004,polo,ltc-usdt,1.8228496,0.0,spot,ltc,2022-08-15 01:19:13,2022,1
89492750,1660526358000.0,60127570,63.735,0.5900700000000001,polo,ltc-usdt,37.60811145,0.0,spot,ltc,2022-08-15 01:19:18,2022,1
89492751,1660526367000.0,60127571,63.758,0.18311799993726277,polo,ltc-usdt,11.67523744,0.0,spot,ltc,2022-08-15 01:19:27,2022,1
89492752,1660526375000.0,60127572,63.702,0.05945199993720762,polo,ltc-usdt,3.7872113,0.0,spot,ltc,2022-08-15 01:19:35,2022,1
89492753,1660526375000.0,60127573,63.779,0.48619100001567916,polo,ltc-usdt,31.00877579,0.0,spot,ltc,2022-08-15 01:19:35,2022,1
89492754,1660526376000.0,60127574,63.703,3.3161369999843022,polo,ltc-usdt,211.24787531,0.0,spot,ltc,2022-08-15 01:19:36,2022,1
89492755,1660526376000.0,60127575,63.703,3.328252000062791,polo,ltc-usdt,212.01963716,0.0,spot,ltc,2022-08-15 01:19:36,2022,1
89492756,1660526380000.0,60127576,63.778,0.6024720000627176,polo,ltc-usdt,38.42445922,0.0,spot,ltc,2022-08-15 01:19:40,2022,1
89492757,1660526382000.0,60127577,63.737,0.18313599996862104,polo,ltc-usdt,11.67253923,0.0,spot,ltc,2022-08-15 01:19:42,2022,1
89492758,1660526384000.0,60127578,63.736,0.38789300003137944,polo,ltc-usdt,24.72274825,0.0,spot,ltc,2022-08-15 01:19:44,2022,1
89492759,1660526389000.0,60127579,63.735,0.695526,polo,ltc-usdt,44.32934961,0.0,spot,ltc,2022-08-15 01:19:49,2022,1
89492760,1660526389000.0,60127580,63.735,0.022783000078449835,polo,ltc-usdt,1.45207451,0.0,spot,ltc,2022-08-15 01:19:49,2022,1
89492761,1660526389000.0,60127581,63.692,0.07638,polo,ltc-usdt,4.86479496,0.0,spot,ltc,2022-08-15 01:19:49,2022,1
89492762,1660526393000.0,60127582,63.886,0.7278,polo,ltc-usdt,46.4962308,0.0,spot,ltc,2022-08-15 01:19:53,2022,1
89492763,1660526396000.0,60127583,63.692,0.021375,polo,ltc-usdt,1.3614165,0.0,spot,ltc,2022-08-15 01:19:56,2022,1
89492764,1660526407000.0,60127584,63.788,0.14680600003135388,polo,ltc-usdt,9.36446113,0.0,spot,ltc,2022-08-15 01:20:07,2022,1
89492765,1660526420000.0,60127585,63.765,0.049092,polo,ltc-usdt,3.13035138,0.0,spot,ltc,2022-08-15 01:20:20,2022,1
89492766,1660526420000.0,60127586,63.765,1.113624,polo,ltc-usdt,71.01023436,0.0,spot,ltc,2022-08-15 01:20:20,2022,1
89492767,1660526424000.0,60127587,63.827,0.24589299998433267,polo,ltc-usdt,15.69461251,0.0,spot,ltc,2022-08-15 01:20:24,2022,1
89492768,1660526445000.0,60127588,63.766,1.4723210000627294,polo,ltc-usdt,93.88402089,0.0,spot,ltc,2022-08-15 01:20:45,2022,1
89492769,1660526454000.0,60127589,63.763,0.034523999968633846,polo,ltc-usdt,2.20135381,0.0,spot,ltc,2022-08-15 01:20:54,2022,1
89492770,1660526468000.0,60127590,63.735,0.8202890000784498,polo,ltc-usdt,52.28111942,0.0,spot,ltc,2022-08-15 01:21:08,2022,1
89492771,1660526471000.0,60127591,63.78,0.222273,polo,ltc-usdt,14.17657194,0.0,spot,ltc,2022-08-15 01:21:11,2022,1
89492772,1660526472000.0,60127592,63.78,0.04403699999999999,polo,ltc-usdt,2.80867986,0.0,spot,ltc,2022-08-15 01:21:12,2022,1
89492773,1660526473000.0,60127593,63.758,1.0804529999372627,polo,ltc-usdt,68.88752237,0.0,spot,ltc,2022-08-15 01:21:13,2022,1
89492774,1660526477000.0,60127594,63.769,0.8081569999529552,polo,ltc-usdt,51.53536373,0.0,spot,ltc,2022-08-15 01:21:17,2022,1
89492775,1660526481000.0,60127595,63.739,0.35813,polo,ltc-usdt,22.82684807,0.0,spot,ltc,2022-08-15 01:21:21,2022,1
89492776,1660526482000.0,60127596,63.738,1.8212379999372432,polo,ltc-usdt,116.08206764,0.0,spot,ltc,2022-08-15 01:21:22,2022,1
89492777,1660526482000.0,60127597,63.738,1.8245810000313785,polo,ltc-usdt,116.29514378,0.0,spot,ltc,2022-08-15 01:21:22,2022,1
89492778,1660526493000.0,60127598,63.722,0.03453199993722733,polo,ltc-usdt,2.2004481,0.0,spot,ltc,2022-08-15 01:21:33,2022,1
89492779,1660526495000.0,60127599,63.724,0.294195,polo,ltc-usdt,18.74728218,0.0,spot,ltc,2022-08-15 01:21:35,2022,1
89492780,1660526500000.0,60127601,63.724,0.0006740000627706987,polo,ltc-usdt,0.04294998,0.0,spot,ltc,2022-08-15 01:21:40,2022,1
89492781,1660526521000.0,60127604,63.694,0.33535299996859985,polo,ltc-usdt,21.35997398,0.0,spot,ltc,2022-08-15 01:22:01,2022,1
89492782,1660526522000.0,60127605,63.694,0.0011159999371997363,polo,ltc-usdt,0.0710825,0.0,spot,ltc,2022-08-15 01:22:02,2022,1
89492783,1660526522000.0,60127606,63.822,0.015086999937325686,polo,ltc-usdt,0.96288251,0.0,spot,ltc,2022-08-15 01:22:02,2022,1
89492784,1660526530000.0,60127608,63.735,0.015901000078449832,polo,ltc-usdt,1.01345024,0.0,spot,ltc,2022-08-15 01:22:10,2022,1
89492785,1660526530000.0,60127609,63.822,3.427850999968663,polo,ltc-usdt,218.77230652,0.0,spot,ltc,2022-08-15 01:22:10,2022,1
89492786,1660526530000.0,60127610,63.822,0.22716300006267431,polo,ltc-usdt,14.49799699,0.0,spot,ltc,2022-08-15 01:22:10,2022,1
89492787,1660526530000.0,60127611,63.87,1.7,polo,ltc-usdt,108.579,0.0,spot,ltc,2022-08-15 01:22:10,2022,1
89492788,1660526530000.0,60127612,63.89,0.1,polo,ltc-usdt,6.389,0.0,spot,ltc,2022-08-15 01:22:10,2022,1
89492789,1660526530000.0,60127613,63.89,1.416336,polo,ltc-usdt,90.48970704,0.0,spot,ltc,2022-08-15 01:22:10,2022,1
89492790,1660526530000.0,60127614,63.89,0.113787,polo,ltc-usdt,7.26985143,0.0,spot,ltc,2022-08-15 01:22:10,2022,1
89492791,1660526533000.0,60127615,63.94,1.021531,polo,ltc-usdt,65.31669214,0.0,spot,ltc,2022-08-15 01:22:13,2022,1
89492792,1660526534000.0,60127616,63.735,1.12773700007845,polo,ltc-usdt,71.8763177,0.0,spot,ltc,2022-08-15 01:22:14,2022,1
89492793,1660526538000.0,60127617,63.822,1.169695999968663,polo,ltc-usdt,74.65233811,0.0,spot,ltc,2022-08-15 01:22:18,2022,1
89492794,1660526543000.0,60127618,63.774,1.037235,polo,ltc-usdt,66.14862489,0.0,spot,ltc,2022-08-15 01:22:23,2022,1
89492795,1660526547000.0,60127619,63.75,0.711892,polo,ltc-usdt,45.383115,0.0,spot,ltc,2022-08-15 01:22:27,2022,1
89492796,1660526566000.0,60127620,63.779,0.9830610000156791,polo,ltc-usdt,62.69864752,0.0,spot,ltc,2022-08-15 01:22:46,2022,1
89492797,1660526566000.0,60127621,63.822,0.12384199993732568,polo,ltc-usdt,7.9038441200000005,0.0,spot,ltc,2022-08-15 01:22:46,2022,1
89492798,1660526574000.0,60127622,63.777,0.03936199993728147,polo,ltc-usdt,2.5103902700000003,0.0,spot,ltc,2022-08-15 01:22:54,2022,1
89492799,1660526588000.0,60127623,63.737,0.09143899995293157,polo,ltc-usdt,5.82804754,0.0,spot,ltc,2022-08-15 01:23:08,2022,1
89492800,1660526591000.0,60127624,63.736,0.967525,polo,ltc-usdt,61.6661734,0.0,spot,ltc,2022-08-15 01:23:11,2022,1
89492801,1660526595000.0,60127625,63.694,0.03955099993719973,polo,ltc-usdt,2.51916139,0.0,spot,ltc,2022-08-15 01:23:15,2022,1
89492802,1660526596000.0,60127626,63.694,0.05688299996859987,polo,ltc-usdt,3.6231058000000003,0.0,spot,ltc,2022-08-15 01:23:16,2022,1
89492803,1660526596000.0,60127627,63.735,0.876872,polo,ltc-usdt,55.88743692,0.0,spot,ltc,2022-08-15 01:23:16,2022,1
89492804,1660526600000.0,60127628,63.734,0.41329599993723914,polo,ltc-usdt,26.34100726,0.0,spot,ltc,2022-08-15 01:23:20,2022,1
89492805,1660526603000.0,60127629,63.734,0.00043599993723915023,polo,ltc-usdt,0.02778802,0.0,spot,ltc,2022-08-15 01:23:23,2022,1
89492806,1660526605000.0,60127630,63.713,0.10820300001569538,polo,ltc-usdt,6.89393774,0.0,spot,ltc,2022-08-15 01:23:25,2022,1
89492807,1660526609000.0,60127631,63.712,0.6562909999686087,polo,ltc-usdt,41.81361219,0.0,spot,ltc,2022-08-15 01:23:29,2022,1
89492808,1660526614000.0,60127632,63.711,0.9118739999372165,polo,ltc-usdt,58.09640441,0.0,spot,ltc,2022-08-15 01:23:34,2022,1
89492809,1660526618000.0,60127633,63.764,0.8865340000627312,polo,ltc-usdt,56.52895398,0.0,spot,ltc,2022-08-15 01:23:38,2022,1
89492810,1660526626000.0,60127634,63.764,0.9712420000313656,polo,ltc-usdt,61.93027489,0.0,spot,ltc,2022-08-15 01:23:46,2022,1
89492811,1660526631000.0,60127635,63.763,0.7145539999686339,polo,ltc-usdt,45.5621067,0.0,spot,ltc,2022-08-15 01:23:51,2022,1
89492812,1660526635000.0,60127636,63.762,1.1175490000313666,polo,ltc-usdt,71.25715934,0.0,spot,ltc,2022-08-15 01:23:55,2022,1
89492813,1660526640000.0,60127637,63.761,1.0342190000156835,polo,ltc-usdt,65.94283766,0.0,spot,ltc,2022-08-15 01:24:00,2022,1
89492814,1660526647000.0,60127638,63.742,0.056538000062752974,polo,ltc-usdt,3.6038452,0.0,spot,ltc,2022-08-15 01:24:07,2022,1
89492815,1660526653000.0,60127639,63.741,0.7485490000156885,polo,ltc-usdt,47.71326181,0.0,spot,ltc,2022-08-15 01:24:13,2022,1
89492816,1660526654000.0,60127640,63.741,0.013581999968623021,polo,ltc-usdt,0.86573026,0.0,spot,ltc,2022-08-15 01:24:14,2022,1
89492817,1660526654000.0,60127641,63.622,3.692033000062871,polo,ltc-usdt,234.89452353,0.0,spot,ltc,2022-08-15 01:24:14,2022,1
89492818,1660526654000.0,60127642,63.62,2.93,polo,ltc-usdt,186.4066,0.0,spot,ltc,2022-08-15 01:24:14,2022,1
89492819,1660526655000.0,60127643,63.587,0.09068700001572648,polo,ltc-usdt,5.76651427,0.0,spot,ltc,2022-08-15 01:24:15,2022,1
89492820,1660526655000.0,60127644,63.62,0.516301,polo,ltc-usdt,32.84706962,0.0,spot,ltc,2022-08-15 01:24:15,2022,1
89492821,1660526655000.0,60127645,63.62,3.03,polo,ltc-usdt,192.7686,0.0,spot,ltc,2022-08-15 01:24:15,2022,1
89492822,1660526657000.0,60127646,63.619,0.4542220000314372,polo,ltc-usdt,28.89714942,0.0,spot,ltc,2022-08-15 01:24:17,2022,1
89492823,1660526662000.0,60127647,63.619,0.0021240000628742987,polo,ltc-usdt,0.13512676,0.0,spot,ltc,2022-08-15 01:24:22,2022,1
89492824,1660526662000.0,60127648,63.62,1.637418,polo,ltc-usdt,104.17253316,0.0,spot,ltc,2022-08-15 01:24:22,2022,1
89492825,1660526663000.0,60127649,63.619,0.07054799996856286,polo,ltc-usdt,4.48819321,0.0,spot,ltc,2022-08-15 01:24:23,2022,1
89492826,1660526671000.0,60127650,63.619,0.6882499999999999,polo,ltc-usdt,43.78577675,0.0,spot,ltc,2022-08-15 01:24:31,2022,1
89492827,1660526677000.0,60127651,63.592,0.0332109999685495,polo,ltc-usdt,2.11195391,0.0,spot,ltc,2022-08-15 01:24:37,2022,1
89492828,1660526679000.0,60127652,63.619,0.3062689999842814,polo,ltc-usdt,19.48452751,0.0,spot,ltc,2022-08-15 01:24:39,2022,1
89492829,1660526692000.0,60127653,63.619,1.01266,polo,ltc-usdt,64.42441654,0.0,spot,ltc,2022-08-15 01:24:52,2022,1
89492830,1660526701000.0,60127654,63.602,0.27040000000000003,polo,ltc-usdt,17.1979808,0.0,spot,ltc,2022-08-15 01:25:01,2022,1
89492831,1660526714000.0,60127655,63.602,0.5515440000314455,polo,ltc-usdt,35.07930149,0.0,spot,ltc,2022-08-15 01:25:14,2022,1
89492832,1660526723000.0,60127656,63.602,0.57433,polo,ltc-usdt,36.52853666,0.0,spot,ltc,2022-08-15 01:25:23,2022,1
89492833,1660526732000.0,60127657,63.619,0.9306269999528444,polo,ltc-usdt,59.20555911,0.0,spot,ltc,2022-08-15 01:25:32,2022,1
89492834,1660526742000.0,60127658,63.619,0.6826840000628743,polo,ltc-usdt,43.4316734,0.0,spot,ltc,2022-08-15 01:25:42,2022,1
89492835,1660526750000.0,60127659,63.619,0.4926569999528443,polo,ltc-usdt,31.34234568,0.0,spot,ltc,2022-08-15 01:25:50,2022,1
89492836,1660526752000.0,60127660,63.594,0.1091620000314495,polo,ltc-usdt,6.94204823,0.0,spot,ltc,2022-08-15 01:25:52,2022,1
89492837,1660526755000.0,60127661,63.618,0.547875,polo,ltc-usdt,34.85471175,0.0,spot,ltc,2022-08-15 01:25:55,2022,1
89492838,1660526759000.0,60127662,63.604,0.03761299996855544,polo,ltc-usdt,2.39233725,0.0,spot,ltc,2022-08-15 01:25:59,2022,1
89492839,1660526759000.0,60127663,63.617,0.019248999952842794,polo,ltc-usdt,1.22456363,0.0,spot,ltc,2022-08-15 01:25:59,2022,1
89492840,1660526759000.0,60127664,63.617,0.9665819999371238,polo,ltc-usdt,61.49104709,0.0,spot,ltc,2022-08-15 01:25:59,2022,1
89492841,1660526764000.0,60127665,63.616,1.0397739999371227,polo,ltc-usdt,66.14626278,0.0,spot,ltc,2022-08-15 01:26:04,2022,1
89492842,1660526768000.0,60127666,63.619,0.2644850000785929,polo,ltc-usdt,16.82627122,0.0,spot,ltc,2022-08-15 01:26:08,2022,1
89492843,1660526777000.0,60127667,63.617,0.6463440000314381,polo,ltc-usdt,41.11846625,0.0,spot,ltc,2022-08-15 01:26:17,2022,1
89492844,1660526781000.0,60127668,63.59,0.121074,polo,ltc-usdt,7.69909566,0.0,spot,ltc,2022-08-15 01:26:21,2022,1
89492845,1660526799000.0,60127669,63.618,0.6048060000314377,polo,ltc-usdt,38.47654811,0.0,spot,ltc,2022-08-15 01:26:39,2022,1
89492846,1660526803000.0,60127670,63.567,0.11563,polo,ltc-usdt,7.35025221,0.0,spot,ltc,2022-08-15 01:26:43,2022,1
89492847,1660526803000.0,60127671,63.617,0.8095029999842809,polo,ltc-usdt,51.49815235,0.0,spot,ltc,2022-08-15 01:26:43,2022,1
89492848,1660526808000.0,60127672,63.619,1.1310659999371258,polo,ltc-usdt,71.95728785,0.0,spot,ltc,2022-08-15 01:26:48,2022,1
89492849,1660526811000.0,60127673,63.591,0.028117000047176485,polo,ltc-usdt,1.7879881499999999,0.0,spot,ltc,2022-08-15 01:26:51,2022,1
89492850,1660526812000.0,60127674,63.618,0.933295,polo,ltc-usdt,59.37436131,0.0,spot,ltc,2022-08-15 01:26:52,2022,1
89492851,1660526813000.0,60127675,63.618,0.012873999968562356,polo,ltc-usdt,0.81901813,0.0,spot,ltc,2022-08-15 01:26:53,2022,1
89492852,1660526813000.0,60127676,63.62,1.180666,polo,ltc-usdt,75.11397092,0.0,spot,ltc,2022-08-15 01:26:53,2022,1
89492853,1660526813000.0,60127677,63.63,2.4966739999999996,polo,ltc-usdt,158.86336662,0.0,spot,ltc,2022-08-15 01:26:53,2022,1
89492854,1660526817000.0,60127678,63.618,0.30086999999999997,polo,ltc-usdt,19.14074766,0.0,spot,ltc,2022-08-15 01:26:57,2022,1
89492855,1660526825000.0,60127679,63.649,0.03132100001571117,polo,ltc-usdt,1.9935503300000004,0.0,spot,ltc,2022-08-15 01:27:05,2022,1
89492856,1660526834000.0,60127680,63.566,0.10204899993707327,polo,ltc-usdt,6.48684673,0.0,spot,ltc,2022-08-15 01:27:14,2022,1
89492857,1660526838000.0,60127681,63.565,0.7250930000786597,polo,ltc-usdt,46.09053655,0.0,spot,ltc,2022-08-15 01:27:18,2022,1
89492858,1660526843000.0,60127682,63.647,1.09836,polo,ltc-usdt,69.90731892,0.0,spot,ltc,2022-08-15 01:27:23,2022,1
89492859,1660526849000.0,60127683,63.625,0.046347000078585464,polo,ltc-usdt,2.94882788,0.0,spot,ltc,2022-08-15 01:27:29,2022,1
89492860,1660526871000.0,60127684,63.558,0.048575,polo,ltc-usdt,3.08732985,0.0,spot,ltc,2022-08-15 01:27:51,2022,1
89492861,1660526878000.0,60127685,63.532,0.11991,polo,ltc-usdt,7.61812212,0.0,spot,ltc,2022-08-15 01:27:58,2022,1
89492862,1660526886000.0,60127686,63.527,0.06774199993703464,polo,ltc-usdt,4.30344603,0.0,spot,ltc,2022-08-15 01:28:06,2022,1
89492863,1660526891000.0,60127687,63.523,0.40675300001574227,polo,ltc-usdt,25.83817082,0.0,spot,ltc,2022-08-15 01:28:11,2022,1
89492864,1660526904000.0,60127688,63.57,0.962672,polo,ltc-usdt,61.19705904,0.0,spot,ltc,2022-08-15 01:28:24,2022,1
89492865,1660526908000.0,60127689,63.628,0.0859760000314327,polo,ltc-usdt,5.47048093,0.0,spot,ltc,2022-08-15 01:28:28,2022,1
89492866,1660526909000.0,60127690,63.659,0.3426410000157087,polo,ltc-usdt,21.81218342,0.0,spot,ltc,2022-08-15 01:28:29,2022,1
89492867,1660526915000.0,60127691,63.664,0.04834200003141492,polo,ltc-usdt,3.07764509,0.0,spot,ltc,2022-08-15 01:28:35,2022,1
89492868,1660526938000.0,60127692,63.589,0.10182699995282203,polo,ltc-usdt,6.4750771,0.0,spot,ltc,2022-08-15 01:28:58,2022,1
89492869,1660526953000.0,60127693,63.58,0.11418600000000001,polo,ltc-usdt,7.25994588,0.0,spot,ltc,2022-08-15 01:29:13,2022,1
89492870,1660526960000.0,60127694,63.543,0.07100099995278789,polo,ltc-usdt,4.51161654,0.0,spot,ltc,2022-08-15 01:29:20,2022,1
89492871,1660526961000.0,60127695,63.627,0.38120700001571656,polo,ltc-usdt,24.25505779,0.0,spot,ltc,2022-08-15 01:29:21,2022,1
89492872,1660526967000.0,60127696,63.645,0.07451700007856077,polo,ltc-usdt,4.7426344700000005,0.0,spot,ltc,2022-08-15 01:29:27,2022,1
89492873,1660526975000.0,60127697,63.682,0.085155,polo,ltc-usdt,5.42284071,0.0,spot,ltc,2022-08-15 01:29:35,2022,1
89492874,1660526982000.0,60127698,63.59,0.048112999999999996,polo,ltc-usdt,3.05950567,0.0,spot,ltc,2022-08-15 01:29:42,2022,1
89492875,1660526988000.0,60127699,63.648,1.057663999968577,polo,ltc-usdt,67.31819827,0.0,spot,ltc,2022-08-15 01:29:48,2022,1
89492876,1660526993000.0,60127700,63.561,0.26958,polo,ltc-usdt,17.13477438,0.0,spot,ltc,2022-08-15 01:29:53,2022,1
89492877,1660527005000.0,60127701,63.621,0.046115000078590394,polo,ltc-usdt,2.9338824199999998,0.0,spot,ltc,2022-08-15 01:30:05,2022,1
89492878,1660527012000.0,60127702,63.667,0.11150199993717311,polo,ltc-usdt,7.09899783,0.0,spot,ltc,2022-08-15 01:30:12,2022,1
89492879,1660527019000.0,60127703,63.581,0.11005900001572796,polo,ltc-usdt,6.99766128,0.0,spot,ltc,2022-08-15 01:30:19,2022,1
89492880,1660527024000.0,60127704,63.617,0.33227299998428095,polo,ltc-usdt,21.13821144,0.0,spot,ltc,2022-08-15 01:30:24,2022,1
89492881,1660527025000.0,60127705,63.617,0.005301000047157207,polo,ltc-usdt,0.33723372,0.0,spot,ltc,2022-08-15 01:30:25,2022,1
89492882,1660527025000.0,60127706,63.581,0.0015980000314559381,polo,ltc-usdt,0.10160244,0.0,spot,ltc,2022-08-15 01:30:25,2022,1
89492883,1660527025000.0,60127707,63.505,0.8264070000787339,polo,ltc-usdt,52.48097654,0.0,spot,ltc,2022-08-15 01:30:25,2022,1
89492884,1660527025000.0,60127708,63.505,0.948811000078734,polo,ltc-usdt,60.25424256,0.0,spot,ltc,2022-08-15 01:30:25,2022,1
89492885,1660527026000.0,60127709,63.58,0.062306,polo,ltc-usdt,3.96141548,0.0,spot,ltc,2022-08-15 01:30:26,2022,1
89492886,1660527034000.0,60127710,63.545,0.05963999999999999,polo,ltc-usdt,3.7898237999999997,0.0,spot,ltc,2022-08-15 01:30:34,2022,1
89492887,1660527041000.0,60127711,63.57,0.10045599999999999,polo,ltc-usdt,6.38598792,0.0,spot,ltc,2022-08-15 01:30:41,2022,1
89492888,1660527048000.0,60127712,63.592,0.030950000000000002,polo,ltc-usdt,1.9681724,0.0,spot,ltc,2022-08-15 01:30:48,2022,1
89492889,1660527070000.0,60127713,63.63,0.076112,polo,ltc-usdt,4.84300656,0.0,spot,ltc,2022-08-15 01:31:10,2022,1
89492890,1660527077000.0,60127714,63.63,0.0016719999999999999,polo,ltc-usdt,0.10638936,0.0,spot,ltc,2022-08-15 01:31:17,2022,1
89492891,1660527077000.0,60127715,63.511,0.022918000031490606,polo,ltc-usdt,1.4555451,0.0,spot,ltc,2022-08-15 01:31:17,2022,1
89492892,1660527078000.0,60127716,63.602,0.09527800006289111,polo,ltc-usdt,6.05987136,0.0,spot,ltc,2022-08-15 01:31:18,2022,1
89492893,1660527085000.0,60127717,63.654,0.07955999999999999,polo,ltc-usdt,5.06431224,0.0,spot,ltc,2022-08-15 01:31:25,2022,1
89492894,1660527086000.0,60127718,63.681,1.0873060000628132,polo,ltc-usdt,69.24073339,0.0,spot,ltc,2022-08-15 01:31:26,2022,1
89492895,1660527091000.0,60127719,63.694,0.5464049999999999,polo,ltc-usdt,34.80272007,0.0,spot,ltc,2022-08-15 01:31:31,2022,1
89492896,1660527092000.0,60127720,63.699,0.07235400006279533,polo,ltc-usdt,4.60887745,0.0,spot,ltc,2022-08-15 01:31:32,2022,1
89492897,1660527098000.0,60127721,63.695,1.451219000078499,polo,ltc-usdt,92.43539421,0.0,spot,ltc,2022-08-15 01:31:38,2022,1
89492898,1660527098000.0,60127722,63.695,1.456512,polo,ltc-usdt,92.77253184,0.0,spot,ltc,2022-08-15 01:31:38,2022,1
89492899,1660527100000.0,60127723,63.698,0.10054100003139815,polo,ltc-usdt,6.40426062,0.0,spot,ltc,2022-08-15 01:31:40,2022,1
89492900,1660527103000.0,60127724,63.698,0.0004120000627963201,polo,ltc-usdt,0.02624358,0.0,spot,ltc,2022-08-15 01:31:43,2022,1
89492901,1660527103000.0,60127725,63.71,0.24459199999999998,polo,ltc-usdt,15.58295632,0.0,spot,ltc,2022-08-15 01:31:43,2022,1
89492902,1660527103000.0,60127726,63.704,0.3872770000313952,polo,ltc-usdt,24.67109401,0.0,spot,ltc,2022-08-15 01:31:43,2022,1
89492903,1660527105000.0,60127727,63.705,0.462928,polo,ltc-usdt,29.49082824,0.0,spot,ltc,2022-08-15 01:31:45,2022,1
89492904,1660527108000.0,60127728,63.82,1.131465,polo,ltc-usdt,72.2100963,0.0,spot,ltc,2022-08-15 01:31:48,2022,1
89492905,1660527112000.0,60127729,63.877,0.9311050000782753,polo,ltc-usdt,59.47619409,0.0,spot,ltc,2022-08-15 01:31:52,2022,1
89492906,1660527114000.0,60127730,63.902,0.04671400003129792,polo,ltc-usdt,2.9851180299999998,0.0,spot,ltc,2022-08-15 01:31:54,2022,1
89492907,1660527121000.0,60127731,63.842,0.07980000000000001,polo,ltc-usdt,5.0945916,0.0,spot,ltc,2022-08-15 01:32:01,2022,1
89492908,1660527121000.0,60127732,63.793,1.0070420000627027,polo,ltc-usdt,64.24223031,0.0,spot,ltc,2022-08-15 01:32:01,2022,1
89492909,1660527121000.0,60127733,63.793,0.07981099995297289,polo,ltc-usdt,5.09138312,0.0,spot,ltc,2022-08-15 01:32:01,2022,1
89492910,1660527121000.0,60127734,63.696,1.0640669999686008,polo,ltc-usdt,67.77681163,0.0,spot,ltc,2022-08-15 01:32:01,2022,1
89492911,1660527130000.0,60127735,63.698,0.8128329999372036,polo,ltc-usdt,51.77583643,0.0,spot,ltc,2022-08-15 01:32:10,2022,1
89492912,1660527136000.0,60127736,63.82,0.044902,polo,ltc-usdt,2.86564564,0.0,spot,ltc,2022-08-15 01:32:16,2022,1
89492913,1660527138000.0,60127737,63.822,0.38672199993732564,polo,ltc-usdt,24.68137148,0.0,spot,ltc,2022-08-15 01:32:18,2022,1
89492914,1660527147000.0,60127738,63.821,0.2543639999373247,polo,ltc-usdt,16.23376484,0.0,spot,ltc,2022-08-15 01:32:27,2022,1
89492915,1660527151000.0,60127739,63.763,0.11481699998431692,polo,ltc-usdt,7.32107637,0.0,spot,ltc,2022-08-15 01:32:31,2022,1
89492916,1660527152000.0,60127740,63.682,0.9010969999371878,polo,ltc-usdt,57.38365915,0.0,spot,ltc,2022-08-15 01:32:32,2022,1
89492917,1660527158000.0,60127741,63.754,0.11726299996862942,polo,ltc-usdt,7.4759853,0.0,spot,ltc,2022-08-15 01:32:38,2022,1
89492918,1660527161000.0,60127742,63.755,0.400978,polo,ltc-usdt,25.56435239,0.0,spot,ltc,2022-08-15 01:32:41,2022,1
89492919,1660527162000.0,60127743,63.755,0.006197000078425221,polo,ltc-usdt,0.39508974,0.0,spot,ltc,2022-08-15 01:32:42,2022,1
89492920,1660527162000.0,60127744,63.755,0.02118500007842522,polo,ltc-usdt,1.35064968,0.0,spot,ltc,2022-08-15 01:32:42,2022,1
89492921,1660527166000.0,60127745,63.844,0.028194000062652713,polo,ltc-usdt,1.80001774,0.0,spot,ltc,2022-08-15 01:32:46,2022,1
89492922,1660527178000.0,60127746,63.672,0.850079000031411,polo,ltc-usdt,54.12623009,0.0,spot,ltc,2022-08-15 01:32:58,2022,1
89492923,1660527180000.0,60127747,63.807,0.10938299998432773,polo,ltc-usdt,6.97940108,0.0,spot,ltc,2022-08-15 01:33:00,2022,1
89492924,1660527182000.0,60127748,63.673,0.019809000047115728,polo,ltc-usdt,1.26129846,0.0,spot,ltc,2022-08-15 01:33:02,2022,1
89492925,1660527182000.0,60127749,63.673,0.8676330000157052,polo,ltc-usdt,55.24479601,0.0,spot,ltc,2022-08-15 01:33:02,2022,1
89492926,1660527187000.0,60127750,63.674,0.66697099993718,polo,ltc-usdt,42.46871145,0.0,spot,ltc,2022-08-15 01:33:07,2022,1
89492927,1660527188000.0,60127751,63.673,0.12280099995288427,polo,ltc-usdt,7.81910807,0.0,spot,ltc,2022-08-15 01:33:08,2022,1
89492928,1660527196000.0,60127752,63.675,0.8647650000785237,polo,ltc-usdt,55.06391138,0.0,spot,ltc,2022-08-15 01:33:16,2022,1
89492929,1660527200000.0,60127753,63.676,1.14875,polo,ltc-usdt,73.147805,0.0,spot,ltc,2022-08-15 01:33:20,2022,1
89492930,1660527209000.0,60127754,63.732,0.023734000031381406,polo,ltc-usdt,1.5126152899999998,0.0,spot,ltc,2022-08-15 01:33:29,2022,1
89492931,1660527209000.0,60127755,63.732,0.2516390000313814,polo,ltc-usdt,16.03745675,0.0,spot,ltc,2022-08-15 01:33:29,2022,1
89492932,1660527222000.0,60127756,63.732,0.4169119999372372,polo,ltc-usdt,26.57063558,0.0,spot,ltc,2022-08-15 01:33:42,2022,1
89492933,1660527225000.0,60127757,63.733,1.106876000031381,polo,ltc-usdt,70.54452811,0.0,spot,ltc,2022-08-15 01:33:45,2022,1
89492934,1660527226000.0,60127758,63.734,1.125665,polo,ltc-usdt,71.74313311,0.0,spot,ltc,2022-08-15 01:33:46,2022,1
89492935,1660527231000.0,60127759,63.732,0.8722819999372371,polo,ltc-usdt,55.59227642,0.0,spot,ltc,2022-08-15 01:33:51,2022,1
89492936,1660527240000.0,60127760,63.732,0.2377859999686186,polo,ltc-usdt,15.15457735,0.0,spot,ltc,2022-08-15 01:34:00,2022,1
89492937,1660527247000.0,60127761,63.831,0.08418500007833185,polo,ltc-usdt,5.37361274,0.0,spot,ltc,2022-08-15 01:34:07,2022,1
89492938,1660527248000.0,60127762,63.832,0.302335,polo,ltc-usdt,19.29864772,0.0,spot,ltc,2022-08-15 01:34:08,2022,1
89492939,1660527255000.0,60127763,63.881,0.06936,polo,ltc-usdt,4.43078616,0.0,spot,ltc,2022-08-15 01:34:15,2022,1
89492940,1660527257000.0,60127764,63.734,1.0254029999686196,polo,ltc-usdt,65.3530348,0.0,spot,ltc,2022-08-15 01:34:17,2022,1
89492941,1660527261000.0,60127765,63.806,0.24724000000000002,polo,ltc-usdt,15.77539544,0.0,spot,ltc,2022-08-15 01:34:21,2022,1
89492942,1660527263000.0,60127766,63.751,0.04281500007843014,polo,ltc-usdt,2.72949907,0.0,spot,ltc,2022-08-15 01:34:23,2022,1
89492943,1660527270000.0,60127767,63.724,0.060827999968614654,polo,ltc-usdt,3.87620347,0.0,spot,ltc,2022-08-15 01:34:30,2022,1
89492944,1660527274000.0,60127768,63.709,0.4196779999686073,polo,ltc-usdt,26.737265700000002,0.0,spot,ltc,2022-08-15 01:34:34,2022,1
89492945,1660527278000.0,60127769,63.72,0.091724,polo,ltc-usdt,5.84465328,0.0,spot,ltc,2022-08-15 01:34:38,2022,1
89492946,1660527315000.0,60127770,63.79,0.091241,polo,ltc-usdt,5.82026339,0.0,spot,ltc,2022-08-15 01:35:15,2022,1
89492947,1660527318000.0,60127771,63.789,0.01800200003135337,polo,ltc-usdt,1.14832958,0.0,spot,ltc,2022-08-15 01:35:18,2022,1
89492948,1660527322000.0,60127772,63.775,0.07228900007840063,polo,ltc-usdt,4.61023098,0.0,spot,ltc,2022-08-15 01:35:22,2022,1
89492949,1660527331000.0,60127773,63.817,0.2279240000313396,polo,ltc-usdt,14.54542591,0.0,spot,ltc,2022-08-15 01:35:31,2022,1
89492950,1660527336000.0,60127774,63.864,0.3004970000313166,polo,ltc-usdt,19.19094041,0.0,spot,ltc,2022-08-15 01:35:36,2022,1
89492951,1660527337000.0,60127775,63.791,0.05493099998432381,polo,ltc-usdt,3.50410342,0.0,spot,ltc,2022-08-15 01:35:37,2022,1
89492952,1660527340000.0,60127776,63.826,0.28064,polo,ltc-usdt,17.91212864,0.0,spot,ltc,2022-08-15 01:35:40,2022,1
89492953,1660527341000.0,60127777,63.791,4e-05,polo,ltc-usdt,0.00255164,0.0,spot,ltc,2022-08-15 01:35:41,2022,1
89492954,1660527345000.0,60127778,63.761,0.08684900001568358,polo,ltc-usdt,5.53757909,0.0,spot,ltc,2022-08-15 01:35:45,2022,1
89492955,1660527345000.0,60127779,63.761,0.25254099998431645,polo,ltc-usdt,16.1022667,0.0,spot,ltc,2022-08-15 01:35:45,2022,1
89492956,1660527345000.0,60127780,63.791,0.020542999952971427,polo,ltc-usdt,1.3104585100000001,0.0,spot,ltc,2022-08-15 01:35:45,2022,1
89492957,1660527349000.0,60127781,63.776,0.21748699996864024,polo,ltc-usdt,13.87045091,0.0,spot,ltc,2022-08-15 01:35:49,2022,1
89492958,1660527352000.0,60127782,63.767,0.12403700001568209,polo,ltc-usdt,7.90946738,0.0,spot,ltc,2022-08-15 01:35:52,2022,1
89492959,1660527356000.0,60127783,63.767,0.00067,polo,ltc-usdt,0.04272389,0.0,spot,ltc,2022-08-15 01:35:56,2022,1
89492960,1660527356000.0,60127784,63.791,0.31226,polo,ltc-usdt,19.91937766,0.0,spot,ltc,2022-08-15 01:35:56,2022,1
89492961,1660527360000.0,60127785,63.75,0.10393699999999999,polo,ltc-usdt,6.62598375,0.0,spot,ltc,2022-08-15 01:36:00,2022,1
89492962,1660527366000.0,60127786,63.768,0.399755,polo,ltc-usdt,25.49157684,0.0,spot,ltc,2022-08-15 01:36:06,2022,1
89492963,1660527367000.0,60127787,63.758,0.03207399996863139,polo,ltc-usdt,2.04497409,0.0,spot,ltc,2022-08-15 01:36:07,2022,1
89492964,1660527371000.0,60127788,63.764,0.3209859999372687,polo,ltc-usdt,20.4673513,0.0,spot,ltc,2022-08-15 01:36:11,2022,1
89492965,1660527384000.0,60127789,63.777,0.25311,polo,ltc-usdt,16.14259647,0.0,spot,ltc,2022-08-15 01:36:24,2022,1
89492966,1660527389000.0,60127790,63.768,0.11969600003136369,polo,ltc-usdt,7.63277453,0.0,spot,ltc,2022-08-15 01:36:29,2022,1
89492967,1660527393000.0,60127791,63.766,0.18771199996863533,polo,ltc-usdt,11.96964339,0.0,spot,ltc,2022-08-15 01:36:33,2022,1
89492968,1660527396000.0,60127792,63.765,0.120398,polo,ltc-usdt,7.67717847,0.0,spot,ltc,2022-08-15 01:36:36,2022,1
89492969,1660527401000.0,60127793,63.779,0.27004200003135825,polo,ltc-usdt,17.22300872,0.0,spot,ltc,2022-08-15 01:36:41,2022,1
89492970,1660527404000.0,60127794,63.784,0.21995599993728834,polo,ltc-usdt,14.0296735,0.0,spot,ltc,2022-08-15 01:36:44,2022,1
89492971,1660527406000.0,60127795,63.79,0.36934500000000003,polo,ltc-usdt,23.56051755,0.0,spot,ltc,2022-08-15 01:36:46,2022,1
89492972,1660527410000.0,60127796,63.789,0.32130899998432333,polo,ltc-usdt,20.4959798,0.0,spot,ltc,2022-08-15 01:36:50,2022,1
89492973,1660527411000.0,60127797,63.784,0.08757599993728835,polo,ltc-usdt,5.58594758,0.0,spot,ltc,2022-08-15 01:36:51,2022,1
89492974,1660527415000.0,60127798,63.788,0.24219700006270772,polo,ltc-usdt,15.44926224,0.0,spot,ltc,2022-08-15 01:36:55,2022,1
89492975,1660527428000.0,60127799,63.79,0.342082,polo,ltc-usdt,21.82141078,0.0,spot,ltc,2022-08-15 01:37:08,2022,1
89492976,1660527433000.0,60127800,63.754,0.05758400006274116,polo,ltc-usdt,3.67121034,0.0,spot,ltc,2022-08-15 01:37:13,2022,1
89492977,1660527436000.0,60127801,63.79,0.06843300000000001,polo,ltc-usdt,4.36534107,0.0,spot,ltc,2022-08-15 01:37:16,2022,1
89492978,1660527437000.0,60127802,63.789,0.17821599993729326,polo,ltc-usdt,11.36822042,0.0,spot,ltc,2022-08-15 01:37:17,2022,1
89492979,1660527437000.0,60127803,63.79,0.849418,polo,ltc-usdt,54.18437422,0.0,spot,ltc,2022-08-15 01:37:17,2022,1
89492980,1660527445000.0,60127804,63.789,0.3488779999686466,polo,ltc-usdt,22.25457874,0.0,spot,ltc,2022-08-15 01:37:25,2022,1
89492981,1660527454000.0,60127805,63.789,0.40627200003135333,polo,ltc-usdt,25.91568461,0.0,spot,ltc,2022-08-15 01:37:34,2022,1
89492982,1660527463000.0,60127806,63.788,0.27797600003135386,polo,ltc-usdt,17.73153309,0.0,spot,ltc,2022-08-15 01:37:43,2022,1
89492983,1660527467000.0,60127807,63.787,0.22342700001567717,polo,ltc-usdt,14.25173805,0.0,spot,ltc,2022-08-15 01:37:47,2022,1
89492984,1660527472000.0,60127808,63.789,0.13027300004703005,polo,ltc-usdt,8.3099844,0.0,spot,ltc,2022-08-15 01:37:52,2022,1
89492985,1660527476000.0,60127809,63.789,0.0008450000783834202,polo,ltc-usdt,0.05390171,0.0,spot,ltc,2022-08-15 01:37:56,2022,1
89492986,1660527476000.0,60127810,63.79,0.218612,polo,ltc-usdt,13.94525948,0.0,spot,ltc,2022-08-15 01:37:56,2022,1
89492987,1660527476000.0,60127811,63.791,9.999843238074337e-07,polo,ltc-usdt,6.379e-05,0.0,spot,ltc,2022-08-15 01:37:56,2022,1
89492988,1660527476000.0,60127812,63.94,0.099999,polo,ltc-usdt,6.39393606,0.0,spot,ltc,2022-08-15 01:37:56,2022,1
89492989,1660527476000.0,60127813,63.94,1e-06,polo,ltc-usdt,6.394e-05,0.0,spot,ltc,2022-08-15 01:37:56,2022,1
89492990,1660527476000.0,60127814,63.95,0.79848,polo,ltc-usdt,51.062796,0.0,spot,ltc,2022-08-15 01:37:56,2022,1
89492991,1660527485000.0,60127815,63.948,0.1405560000312754,polo,ltc-usdt,8.98827509,0.0,spot,ltc,2022-08-15 01:38:05,2022,1
89492992,1660527489000.0,60127816,63.945,0.350178,polo,ltc-usdt,22.39213221,0.0,spot,ltc,2022-08-15 01:38:09,2022,1
89492993,1660527493000.0,60127817,63.945,1.358213000078192,polo,ltc-usdt,86.85093029,0.0,spot,ltc,2022-08-15 01:38:13,2022,1
89492994,1660527508000.0,60127818,63.892,0.06807900003130282,polo,ltc-usdt,4.34970347,0.0,spot,ltc,2022-08-15 01:38:28,2022,1
89492995,1660527515000.0,60127819,63.84,0.196847,polo,ltc-usdt,12.56671248,0.0,spot,ltc,2022-08-15 01:38:35,2022,1
89492996,1660527520000.0,60127820,63.878,0.4055010000313097,polo,ltc-usdt,25.90259288,0.0,spot,ltc,2022-08-15 01:38:40,2022,1
89492997,1660527524000.0,60127821,63.85,0.33699599999999996,polo,ltc-usdt,21.5171946,0.0,spot,ltc,2022-08-15 01:38:44,2022,1
89492998,1660527529000.0,60127822,63.837,0.13438,polo,ltc-usdt,8.57841606,0.0,spot,ltc,2022-08-15 01:38:49,2022,1
89492999,1660527533000.0,60127823,63.825,0.15290199999999998,polo,ltc-usdt,9.75897015,0.0,spot,ltc,2022-08-15 01:38:53,2022,1
89493000,1660527542000.0,60127824,63.855,0.33979800000000004,polo,ltc-usdt,21.69780129,0.0,spot,ltc,2022-08-15 01:39:02,2022,1
89493001,1660527546000.0,60127825,63.9,0.11321600000000001,polo,ltc-usdt,7.2345024,0.0,spot,ltc,2022-08-15 01:39:06,2022,1
89493002,1660527555000.0,60127826,63.9,0.32714600000000005,polo,ltc-usdt,20.9046294,0.0,spot,ltc,2022-08-15 01:39:15,2022,1
89493003,1660527561000.0,60127827,63.888,0.15464399996869524,polo,ltc-usdt,9.87989587,0.0,spot,ltc,2022-08-15 01:39:21,2022,1
89493004,1660527568000.0,60127828,63.905,0.12517100007824114,polo,ltc-usdt,7.9990527600000005,0.0,spot,ltc,2022-08-15 01:39:28,2022,1
89493005,1660527571000.0,60127829,63.905,0.000954,polo,ltc-usdt,0.06096537,0.0,spot,ltc,2022-08-15 01:39:31,2022,1
89493006,1660527571000.0,60127830,63.901,0.3664309999843508,polo,ltc-usdt,23.41530733,0.0,spot,ltc,2022-08-15 01:39:31,2022,1
89493007,1660527571000.0,60127831,63.767,0.08116500007841046,polo,ltc-usdt,5.17564856,0.0,spot,ltc,2022-08-15 01:39:31,2022,1
89493008,1660527576000.0,60127832,63.906,0.2004,polo,ltc-usdt,12.8067624,0.0,spot,ltc,2022-08-15 01:39:36,2022,1
89493009,1660527577000.0,60127833,63.833,0.20789099995300236,polo,ltc-usdt,13.2703062,0.0,spot,ltc,2022-08-15 01:39:37,2022,1
89493010,1660527583000.0,60127834,63.839,0.1065620000313288,polo,ltc-usdt,6.80281152,0.0,spot,ltc,2022-08-15 01:39:43,2022,1
89493011,1660527586000.0,60127835,63.769,0.1,polo,ltc-usdt,6.3769,0.0,spot,ltc,2022-08-15 01:39:46,2022,1
89493012,1660527587000.0,60127836,63.769,0.1074530000470448,polo,ltc-usdt,6.85217036,0.0,spot,ltc,2022-08-15 01:39:47,2022,1
89493013,1660527611000.0,60127837,63.969,0.015632000031265143,polo,ltc-usdt,0.99996341,0.0,spot,ltc,2022-08-15 01:40:11,2022,1
89493014,1660527613000.0,60127838,63.836,0.08737199996866972,polo,ltc-usdt,5.57747899,0.0,spot,ltc,2022-08-15 01:40:13,2022,1
89493015,1660527616000.0,60127839,63.805,1.316468,polo,ltc-usdt,83.99724074,0.0,spot,ltc,2022-08-15 01:40:16,2022,1
89493016,1660527621000.0,60127840,63.799,0.2105559999373031,polo,ltc-usdt,13.43326224,0.0,spot,ltc,2022-08-15 01:40:21,2022,1
89493017,1660527627000.0,60127841,63.809,0.18792999999999999,polo,ltc-usdt,11.99162537,0.0,spot,ltc,2022-08-15 01:40:27,2022,1
89493018,1660527627000.0,60127842,63.798,0.2035270000626979,polo,ltc-usdt,12.984615550000001,0.0,spot,ltc,2022-08-15 01:40:27,2022,1
89493019,1660527627000.0,60127843,63.769,0.0299940000627264,polo,ltc-usdt,1.9126873899999999,0.0,spot,ltc,2022-08-15 01:40:27,2022,1
89493020,1660527627000.0,60127844,63.76,1.0470920000000001,polo,ltc-usdt,66.76258592,0.0,spot,ltc,2022-08-15 01:40:27,2022,1
89493021,1660527635000.0,60127845,63.861,0.15123500007829505,polo,ltc-usdt,9.65801834,0.0,spot,ltc,2022-08-15 01:40:35,2022,1
89493022,1660527638000.0,60127846,63.8,0.29272800000000004,polo,ltc-usdt,18.6760464,0.0,spot,ltc,2022-08-15 01:40:38,2022,1
89493023,1660527642000.0,60127847,63.802,0.353101999937306,polo,ltc-usdt,22.5286138,0.0,spot,ltc,2022-08-15 01:40:42,2022,1
89493024,1660527651000.0,60127848,63.79,0.335709,polo,ltc-usdt,21.41487711,0.0,spot,ltc,2022-08-15 01:40:51,2022,1
89493025,1660527655000.0,60127849,63.792,0.3912,polo,ltc-usdt,24.9554304,0.0,spot,ltc,2022-08-15 01:40:55,2022,1
89493026,1660527660000.0,60127850,63.834,0.30983400006266254,polo,ltc-usdt,19.77794356,0.0,spot,ltc,2022-08-15 01:41:00,2022,1
89493027,1660527669000.0,60127851,63.772,0.31112900003136174,polo,ltc-usdt,19.84131859,0.0,spot,ltc,2022-08-15 01:41:09,2022,1
89493028,1660527677000.0,60127852,63.773,0.19220900004704186,polo,ltc-usdt,12.25774456,0.0,spot,ltc,2022-08-15 01:41:17,2022,1
89493029,1660527686000.0,60127853,63.784,0.35593299996864414,polo,ltc-usdt,22.70283047,0.0,spot,ltc,2022-08-15 01:41:26,2022,1
89493030,1660527699000.0,60127854,63.795,0.11846999999999999,polo,ltc-usdt,7.55779365,0.0,spot,ltc,2022-08-15 01:41:39,2022,1
89493031,1660527705000.0,60127855,63.799,0.21495100001567422,polo,ltc-usdt,13.71365885,0.0,spot,ltc,2022-08-15 01:41:45,2022,1
89493032,1660527712000.0,60127856,63.845,0.338442,polo,ltc-usdt,21.60782949,0.0,spot,ltc,2022-08-15 01:41:52,2022,1
89493033,1660527717000.0,60127857,63.822,0.12157099996866283,polo,ltc-usdt,7.75890436,0.0,spot,ltc,2022-08-15 01:41:57,2022,1
89493034,1660527726000.0,60127858,63.925,0.10042900007821666,polo,ltc-usdt,6.41992383,0.0,spot,ltc,2022-08-15 01:42:06,2022,1
89493035,1660527731000.0,60127859,63.799,1.1109069999529773,polo,ltc-usdt,70.87475569,0.0,spot,ltc,2022-08-15 01:42:11,2022,1
89493036,1660527734000.0,60127860,63.846,0.210365,polo,ltc-usdt,13.43096379,0.0,spot,ltc,2022-08-15 01:42:14,2022,1
89493037,1660527741000.0,60127861,63.824,0.07661700003133617,polo,ltc-usdt,4.89000341,0.0,spot,ltc,2022-08-15 01:42:21,2022,1
89493038,1660527743000.0,60127862,63.912,0.14093800006258606,polo,ltc-usdt,9.00762946,0.0,spot,ltc,2022-08-15 01:42:23,2022,1
89493039,1660527761000.0,60127863,63.898,0.388065,polo,ltc-usdt,24.79657737,0.0,spot,ltc,2022-08-15 01:42:41,2022,1
89493040,1660527763000.0,60127864,63.851,0.12104399993735415,polo,ltc-usdt,7.7287804399999995,0.0,spot,ltc,2022-08-15 01:42:43,2022,1
89493041,1660527777000.0,60127865,63.896,0.12924300003130088,polo,ltc-usdt,8.25811073,0.0,spot,ltc,2022-08-15 01:42:57,2022,1
89493042,1660527778000.0,60127866,63.897,0.2752250000782509,polo,ltc-usdt,17.58605183,0.0,spot,ltc,2022-08-15 01:42:58,2022,1
89493043,1660527787000.0,60127867,63.8,0.277198,polo,ltc-usdt,17.6852324,0.0,spot,ltc,2022-08-15 01:43:07,2022,1
89493044,1660527788000.0,60127868,63.994,1.4038720000312528,polo,ltc-usdt,89.83938477,0.0,spot,ltc,2022-08-15 01:43:08,2022,1
89493045,1660527791000.0,60127869,63.805,0.331718,polo,ltc-usdt,21.16526699,0.0,spot,ltc,2022-08-15 01:43:11,2022,1
89493046,1660527796000.0,60127870,63.771,0.32568500007840556,polo,ltc-usdt,20.76925814,0.0,spot,ltc,2022-08-15 01:43:16,2022,1
89493047,1660527800000.0,60127871,63.738,0.0873579999372431,polo,ltc-usdt,5.5680242,0.0,spot,ltc,2022-08-15 01:43:20,2022,1
89493048,1660527800000.0,60127872,63.739,0.11671799996862203,polo,ltc-usdt,7.4394886,0.0,spot,ltc,2022-08-15 01:43:20,2022,1
89493049,1660527804000.0,60127873,63.741,0.419723999937246,polo,ltc-usdt,26.75362748,0.0,spot,ltc,2022-08-15 01:43:24,2022,1
89493050,1660527805000.0,60127874,63.742,0.019994000031376486,polo,ltc-usdt,1.27445755,0.0,spot,ltc,2022-08-15 01:43:25,2022,1
89493051,1660527807000.0,60127875,63.868,0.20760700006262917,polo,ltc-usdt,13.25944388,0.0,spot,ltc,2022-08-15 01:43:27,2022,1
89493052,1660527809000.0,60127876,63.869,0.15893699995302885,polo,ltc-usdt,10.15114725,0.0,spot,ltc,2022-08-15 01:43:29,2022,1
89493053,1660527814000.0,60127877,63.932,0.18662599996871676,polo,ltc-usdt,11.93137343,0.0,spot,ltc,2022-08-15 01:43:34,2022,1
89493054,1660527816000.0,60127878,63.932,0.0038019999374335227,polo,ltc-usdt,0.24306946,0.0,spot,ltc,2022-08-15 01:43:36,2022,1
89493055,1660527816000.0,60127879,63.701,1.2482180000313967,polo,ltc-usdt,79.51273482,0.0,spot,ltc,2022-08-15 01:43:36,2022,1
89493056,1660527821000.0,60127880,63.732,0.11405400003138141,polo,ltc-usdt,7.26888953,0.0,spot,ltc,2022-08-15 01:43:41,2022,1
89493057,1660527836000.0,60127881,63.877,0.2118650000782754,polo,ltc-usdt,13.53330061,0.0,spot,ltc,2022-08-15 01:43:56,2022,1
89493058,1660527839000.0,60127882,63.752,0.12606400003137158,polo,ltc-usdt,8.03683213,0.0,spot,ltc,2022-08-15 01:43:59,2022,1
89493059,1660527844000.0,60127883,63.773,0.24375,polo,ltc-usdt,15.54466875,0.0,spot,ltc,2022-08-15 01:44:04,2022,1
89493060,1660527844000.0,60127884,63.827,0.0757819999373306,polo,ltc-usdt,4.83693771,0.0,spot,ltc,2022-08-15 01:44:04,2022,1
89493061,1660527845000.0,60127885,63.828,0.01983,polo,ltc-usdt,1.26570924,0.0,spot,ltc,2022-08-15 01:44:05,2022,1
89493062,1660527856000.0,60127886,63.829,0.35693100001566685,polo,ltc-usdt,22.7825488,0.0,spot,ltc,2022-08-15 01:44:16,2022,1
89493063,1660527861000.0,60127887,63.831,0.2242629999530009,polo,ltc-usdt,14.31493155,0.0,spot,ltc,2022-08-15 01:44:21,2022,1
89493064,1660527874000.0,60127888,63.831,0.11306800003133274,polo,ltc-usdt,7.21724351,0.0,spot,ltc,2022-08-15 01:44:34,2022,1
89493065,1660527883000.0,60127889,63.832,0.15170599996866777,polo,ltc-usdt,9.68369739,0.0,spot,ltc,2022-08-15 01:44:43,2022,1
89493066,1660527910000.0,60127890,63.937,0.054025999968719214,polo,ltc-usdt,3.45426036,0.0,spot,ltc,2022-08-15 01:45:10,2022,1
89493067,1660527931000.0,60127891,63.947,0.301262999984362,polo,ltc-usdt,19.264865059999998,0.0,spot,ltc,2022-08-15 01:45:31,2022,1
89493068,1660527935000.0,60127892,63.906,0.39885699996870405,polo,ltc-usdt,25.48935544,0.0,spot,ltc,2022-08-15 01:45:35,2022,1
89493069,1660527944000.0,60127893,63.917,0.20663100004693585,polo,ltc-usdt,13.20723363,0.0,spot,ltc,2022-08-15 01:45:44,2022,1
89493070,1660527949000.0,60127894,63.934,0.23703500000000002,polo,ltc-usdt,15.15459569,0.0,spot,ltc,2022-08-15 01:45:49,2022,1
89493071,1660527953000.0,60127895,63.942,0.2196869999374433,polo,ltc-usdt,14.04722615,0.0,spot,ltc,2022-08-15 01:45:53,2022,1
89493072,1660527957000.0,60127896,63.904,0.36955,polo,ltc-usdt,23.6157232,0.0,spot,ltc,2022-08-15 01:45:57,2022,1
89493073,1660527962000.0,60127897,63.885,0.12655,polo,ltc-usdt,8.08464675,0.0,spot,ltc,2022-08-15 01:46:02,2022,1
89493074,1660527983000.0,60127898,63.878,0.8095910000313097,polo,ltc-usdt,51.7150539,0.0,spot,ltc,2022-08-15 01:46:23,2022,1
89493075,1660527985000.0,60127899,63.885,0.18216100007826566,polo,ltc-usdt,11.637355490000001,0.0,spot,ltc,2022-08-15 01:46:25,2022,1
89493076,1660527992000.0,60127900,63.872,0.18254199993737474,polo,ltc-usdt,11.65932262,0.0,spot,ltc,2022-08-15 01:46:32,2022,1
89493077,1660528000000.0,60127901,63.871,0.051263999937373766,polo,ltc-usdt,3.27428294,0.0,spot,ltc,2022-08-15 01:46:40,2022,1
89493078,1660528006000.0,60127902,63.866,0.16850300003131555,polo,ltc-usdt,10.7616126,0.0,spot,ltc,2022-08-15 01:46:46,2022,1
89493079,1660528012000.0,60127903,63.87,0.046416,polo,ltc-usdt,2.96458992,0.0,spot,ltc,2022-08-15 01:46:52,2022,1
89493080,1660528012000.0,60127904,63.87,29.953584,polo,ltc-usdt,1913.13541008,0.0,spot,ltc,2022-08-15 01:46:52,2022,1
89493081,1660528014000.0,60127905,63.866,0.3817760000626311,polo,ltc-usdt,24.38250602,0.0,spot,ltc,2022-08-15 01:46:54,2022,1
89493082,1660528019000.0,60127906,63.869,0.10260100001565704,polo,ltc-usdt,6.55302327,0.0,spot,ltc,2022-08-15 01:46:59,2022,1
89493083,1660528027000.0,60127907,63.87,0.170914,polo,ltc-usdt,10.91627718,0.0,spot,ltc,2022-08-15 01:47:07,2022,1
89493084,1660528059000.0,60127908,63.901,0.015915000078246037,polo,ltc-usdt,1.01698442,0.0,spot,ltc,2022-08-15 01:47:39,2022,1
89493085,1660528060000.0,60127909,63.935,0.205998,polo,ltc-usdt,13.17048213,0.0,spot,ltc,2022-08-15 01:47:40,2022,1
89493086,1660528067000.0,60127910,63.964,0.16051799996873242,polo,ltc-usdt,10.26737335,0.0,spot,ltc,2022-08-15 01:47:47,2022,1
89493087,1660528067000.0,60127911,63.948,0.13395,polo,ltc-usdt,8.5658346,0.0,spot,ltc,2022-08-15 01:47:47,2022,1
89493088,1660528070000.0,60127912,63.963,1.001870999953098,polo,ltc-usdt,64.08267477,0.0,spot,ltc,2022-08-15 01:47:50,2022,1
89493089,1660528071000.0,60127913,63.956,0.276565,polo,ltc-usdt,17.68799114,0.0,spot,ltc,2022-08-15 01:47:51,2022,1
89493090,1660528076000.0,60127914,63.965,0.15679100007816774,polo,ltc-usdt,10.02913632,0.0,spot,ltc,2022-08-15 01:47:56,2022,1
89493091,1660528102000.0,60127915,63.981,0.1411150000781482,polo,ltc-usdt,9.02867882,0.0,spot,ltc,2022-08-15 01:48:22,2022,1
89493092,1660528104000.0,60127916,63.981,0.00295600006251856,polo,ltc-usdt,0.18912784,0.0,spot,ltc,2022-08-15 01:48:24,2022,1
89493093,1660528104000.0,60127917,63.97,0.02188,polo,ltc-usdt,1.3996636,0.0,spot,ltc,2022-08-15 01:48:24,2022,1
89493094,1660528106000.0,60127918,63.953,0.29304600003127296,polo,ltc-usdt,18.74117084,0.0,spot,ltc,2022-08-15 01:48:26,2022,1
89493095,1660528110000.0,60127919,63.921,1.941420999984356,polo,ltc-usdt,124.09757174,0.0,spot,ltc,2022-08-15 01:48:30,2022,1
89493096,1660528110000.0,60127920,63.936,0.15003899993743744,polo,ltc-usdt,9.5928935,0.0,spot,ltc,2022-08-15 01:48:30,2022,1
89493097,1660528119000.0,60127921,63.935,0.33138700007820443,polo,ltc-usdt,21.18722785,0.0,spot,ltc,2022-08-15 01:48:39,2022,1
89493098,1660528128000.0,60127922,63.935,0.20982100007820442,polo,ltc-usdt,13.41490564,0.0,spot,ltc,2022-08-15 01:48:48,2022,1
89493099,1660528141000.0,60127923,63.962,0.12422400003126856,polo,ltc-usdt,7.94561549,0.0,spot,ltc,2022-08-15 01:49:01,2022,1
89493100,1660528145000.0,60127924,63.978,0.23727700006252148,polo,ltc-usdt,15.18050791,0.0,spot,ltc,2022-08-15 01:49:05,2022,1
89493101,1660528150000.0,60127925,63.986,0.12812199996874316,polo,ltc-usdt,8.19801429,0.0,spot,ltc,2022-08-15 01:49:10,2022,1
89493102,1660528167000.0,60127926,63.972,0.25261300006252735,polo,ltc-usdt,16.16015884,0.0,spot,ltc,2022-08-15 01:49:27,2022,1
89493103,1660528167000.0,60127927,63.993,1.39359,polo,ltc-usdt,89.18000487,0.0,spot,ltc,2022-08-15 01:49:27,2022,1
89493104,1660528167000.0,60127928,63.993,1.13676,polo,ltc-usdt,72.74468268,0.0,spot,ltc,2022-08-15 01:49:27,2022,1
89493105,1660528171000.0,60127929,63.962,0.40203400003126855,polo,ltc-usdt,25.71489871,0.0,spot,ltc,2022-08-15 01:49:31,2022,1
89493106,1660528176000.0,60127930,63.978,0.1730420000625215,polo,ltc-usdt,11.07088108,0.0,spot,ltc,2022-08-15 01:49:36,2022,1
89493107,1660528189000.0,60127931,63.933,0.19435099995307586,polo,ltc-usdt,12.42544248,0.0,spot,ltc,2022-08-15 01:49:49,2022,1
89493108,1660528192000.0,60127932,63.905,0.154914,polo,ltc-usdt,9.89977917,0.0,spot,ltc,2022-08-15 01:49:52,2022,1
89493109,1660528193000.0,60127933,63.919,0.2552440000625792,polo,ltc-usdt,16.31494124,0.0,spot,ltc,2022-08-15 01:49:53,2022,1
89493110,1660528198000.0,60127934,63.912,0.24272900003129305,polo,ltc-usdt,15.51329585,0.0,spot,ltc,2022-08-15 01:49:58,2022,1
89493111,1660528199000.0,60127935,63.907,0.13053800006259095,polo,ltc-usdt,8.34229197,0.0,spot,ltc,2022-08-15 01:49:59,2022,1
89493112,1660528202000.0,60127936,63.906,0.21562199996870401,polo,ltc-usdt,13.77953953,0.0,spot,ltc,2022-08-15 01:50:02,2022,1
89493113,1660528207000.0,60127937,63.902,0.05702699993740415,polo,ltc-usdt,3.64413935,0.0,spot,ltc,2022-08-15 01:50:07,2022,1
89493114,1660528215000.0,60127938,63.955,0.09346900007817999,polo,ltc-usdt,5.9778099000000005,0.0,spot,ltc,2022-08-15 01:50:15,2022,1
89493115,1660528217000.0,60127939,63.955,0.0012710000781799703,polo,ltc-usdt,0.08128681,0.0,spot,ltc,2022-08-15 01:50:17,2022,1
89493116,1660528217000.0,60127940,63.994,0.01774599993749414,polo,ltc-usdt,1.13563752,0.0,spot,ltc,2022-08-15 01:50:17,2022,1
89493117,1660528220000.0,60127941,63.959,0.26236799996872995,polo,ltc-usdt,16.78079491,0.0,spot,ltc,2022-08-15 01:50:20,2022,1
89493118,1660528225000.0,60127942,63.977,0.10792199993747754,polo,ltc-usdt,6.90452579,0.0,spot,ltc,2022-08-15 01:50:25,2022,1
89493119,1660528225000.0,60127943,63.994,0.08225400006250587,polo,ltc-usdt,5.2637624800000005,0.0,spot,ltc,2022-08-15 01:50:25,2022,1
89493120,1660528225000.0,60127944,64.0,0.030366999999999998,polo,ltc-usdt,1.9434879999999999,0.0,spot,ltc,2022-08-15 01:50:25,2022,1
89493121,1660528242000.0,60127945,64.025,0.056643000078094495,polo,ltc-usdt,3.62656808,0.0,spot,ltc,2022-08-15 01:50:42,2022,1
89493122,1660528253000.0,60127946,64.035,0.144318,polo,ltc-usdt,9.24140313,0.0,spot,ltc,2022-08-15 01:50:53,2022,1
89493123,1660528253000.0,60127947,63.922,0.5982040000312882,polo,ltc-usdt,38.23839609,0.0,spot,ltc,2022-08-15 01:50:53,2022,1
89493124,1660528282000.0,60127948,64.018,0.21520399996875877,polo,ltc-usdt,13.77692967,0.0,spot,ltc,2022-08-15 01:51:22,2022,1
89493125,1660528285000.0,60127949,63.97,0.14461000000000002,polo,ltc-usdt,9.2507017,0.0,spot,ltc,2022-08-15 01:51:25,2022,1
89493126,1660528287000.0,60127950,63.994,0.270955,polo,ltc-usdt,17.33949427,0.0,spot,ltc,2022-08-15 01:51:27,2022,1
89493127,1660528291000.0,60127951,63.983,0.10615500007814577,polo,ltc-usdt,6.79211537,0.0,spot,ltc,2022-08-15 01:51:31,2022,1
89493128,1660528293000.0,60127952,63.983,0.0012669999843708487,polo,ltc-usdt,0.08106646,0.0,spot,ltc,2022-08-15 01:51:33,2022,1
89493129,1660528293000.0,60127953,64.041,0.29723199996877003,polo,ltc-usdt,19.03503451,0.0,spot,ltc,2022-08-15 01:51:33,2022,1
89493130,1660528294000.0,60127954,63.983,0.020573000015629152,polo,ltc-usdt,1.31632226,0.0,spot,ltc,2022-08-15 01:51:34,2022,1
89493131,1660528294000.0,60127955,63.94,1.496488,polo,ltc-usdt,95.68544272,0.0,spot,ltc,2022-08-15 01:51:34,2022,1
89493132,1660528294000.0,60127956,63.94,0.203512,polo,ltc-usdt,13.01255728,0.0,spot,ltc,2022-08-15 01:51:34,2022,1
89493133,1660528301000.0,60127957,63.934,0.18069400006256453,polo,ltc-usdt,11.5524902,0.0,spot,ltc,2022-08-15 01:51:41,2022,1
89493134,1660528305000.0,60127958,63.934,0.00244200003128226,polo,ltc-usdt,0.15612683,0.0,spot,ltc,2022-08-15 01:51:45,2022,1
89493135,1660528305000.0,60127959,63.935,0.11585900007820442,polo,ltc-usdt,7.40744517,0.0,spot,ltc,2022-08-15 01:51:45,2022,1
89493136,1660528305000.0,60127960,63.94,1.0356830000000001,polo,ltc-usdt,66.22157102,0.0,spot,ltc,2022-08-15 01:51:45,2022,1
89493137,1660528313000.0,60127961,63.933,0.22479799993743452,polo,ltc-usdt,14.37201053,0.0,spot,ltc,2022-08-15 01:51:53,2022,1
89493138,1660528316000.0,60127962,63.935,0.44246199999999997,polo,ltc-usdt,28.28880797,0.0,spot,ltc,2022-08-15 01:51:56,2022,1
89493139,1660528317000.0,60127963,63.934,0.27841099993743545,polo,ltc-usdt,17.79992887,0.0,spot,ltc,2022-08-15 01:51:57,2022,1
89493140,1660528324000.0,60127964,63.934,0.36249599993743553,polo,ltc-usdt,23.17581926,0.0,spot,ltc,2022-08-15 01:52:04,2022,1
89493141,1660528326000.0,60127965,63.938,0.0950689999687197,polo,ltc-usdt,6.07852172,0.0,spot,ltc,2022-08-15 01:52:06,2022,1
89493142,1660528336000.0,60127966,63.937,0.1346559999687192,polo,ltc-usdt,8.60950067,0.0,spot,ltc,2022-08-15 01:52:16,2022,1
89493143,1660528344000.0,60127967,63.937,0.27159199993743843,polo,ltc-usdt,17.3647777,0.0,spot,ltc,2022-08-15 01:52:24,2022,1
89493144,1660528346000.0,60127968,63.935,0.3351390000782044,polo,ltc-usdt,21.42711197,0.0,spot,ltc,2022-08-15 01:52:26,2022,1
89493145,1660528358000.0,60127969,63.937,0.19229500007820197,polo,ltc-usdt,12.29476542,0.0,spot,ltc,2022-08-15 01:52:38,2022,1
89493146,1660528361000.0,60127970,63.935,0.3625,polo,ltc-usdt,23.1764375,0.0,spot,ltc,2022-08-15 01:52:41,2022,1
89493147,1660528363000.0,60127971,63.936,1.0486339999374374,polo,ltc-usdt,67.04546342,0.0,spot,ltc,2022-08-15 01:52:43,2022,1
89493148,1660528363000.0,60127972,63.936,1.0525130000312812,polo,ltc-usdt,67.29347117,0.0,spot,ltc,2022-08-15 01:52:43,2022,1
89493149,1660528366000.0,60127973,63.939,0.10303000000000001,polo,ltc-usdt,6.58763517,0.0,spot,ltc,2022-08-15 01:52:46,2022,1
89493150,1660528375000.0,60127974,63.94,0.28338900000000006,polo,ltc-usdt,18.11989266,0.0,spot,ltc,2022-08-15 01:52:55,2022,1
89493151,1660528375000.0,60127975,64.103,0.5253990000467997,polo,ltc-usdt,33.6796521,0.0,spot,ltc,2022-08-15 01:52:55,2022,1
89493152,1660528375000.0,60127976,64.02,0.21235,polo,ltc-usdt,13.594647,0.0,spot,ltc,2022-08-15 01:52:55,2022,1
89493153,1660528375000.0,60127977,64.059,0.09700699995316817,polo,ltc-usdt,6.21417141,0.0,spot,ltc,2022-08-15 01:52:55,2022,1
89493154,1660528380000.0,60127978,64.079,0.3202659999375771,polo,ltc-usdt,20.52232501,0.0,spot,ltc,2022-08-15 01:53:00,2022,1
89493155,1660528383000.0,60127979,64.066,0.35412,polo,ltc-usdt,22.687051920000002,0.0,spot,ltc,2022-08-15 01:53:03,2022,1
89493156,1660528384000.0,60127980,64.01,0.120166,polo,ltc-usdt,7.69182566,0.0,spot,ltc,2022-08-15 01:53:04,2022,1
89493157,1660528392000.0,60127981,63.996,0.41059999999999997,polo,ltc-usdt,26.2767576,0.0,spot,ltc,2022-08-15 01:53:12,2022,1
89493158,1660528392000.0,60127982,63.95,0.444034,polo,ltc-usdt,28.3959743,0.0,spot,ltc,2022-08-15 01:53:12,2022,1
89493159,1660528406000.0,60127983,64.025,0.17337700007809448,polo,ltc-usdt,11.10046243,0.0,spot,ltc,2022-08-15 01:53:26,2022,1
89493160,1660528410000.0,60127984,63.992,0.29930599996874613,polo,ltc-usdt,19.15318955,0.0,spot,ltc,2022-08-15 01:53:30,2022,1
89493161,1660528414000.0,60127985,64.01,0.22990099999999997,polo,ltc-usdt,14.71596301,0.0,spot,ltc,2022-08-15 01:53:34,2022,1
89493162,1660528415000.0,60127986,64.001,0.10947099998437523,polo,ltc-usdt,7.00625347,0.0,spot,ltc,2022-08-15 01:53:35,2022,1
89493163,1660528421000.0,60127987,63.997,0.31348899995312285,polo,ltc-usdt,20.06235553,0.0,spot,ltc,2022-08-15 01:53:41,2022,1
89493164,1660528421000.0,60127988,63.98,0.126258,polo,ltc-usdt,8.07798684,0.0,spot,ltc,2022-08-15 01:53:41,2022,1
89493165,1660528421000.0,60127989,63.96,1.7,polo,ltc-usdt,108.732,0.0,spot,ltc,2022-08-15 01:53:41,2022,1
89493166,1660528421000.0,60127990,63.933,0.11165699998435863,polo,ltc-usdt,7.13856698,0.0,spot,ltc,2022-08-15 01:53:41,2022,1
89493167,1660528427000.0,60127991,63.965,0.206258,polo,ltc-usdt,13.19329297,0.0,spot,ltc,2022-08-15 01:53:47,2022,1
89493168,1660528427000.0,60127992,63.997,0.004348999953122803,polo,ltc-usdt,0.27832295,0.0,spot,ltc,2022-08-15 01:53:47,2022,1
89493169,1660528427000.0,60127993,64.091,1.2767770000468086,polo,ltc-usdt,81.82991471,0.0,spot,ltc,2022-08-15 01:53:47,2022,1
89493170,1660528432000.0,60127994,64.041,0.21593,polo,ltc-usdt,13.82837313,0.0,spot,ltc,2022-08-15 01:53:52,2022,1
89493171,1660528433000.0,60127995,64.04,0.5305869999999999,polo,ltc-usdt,33.97879148,0.0,spot,ltc,2022-08-15 01:53:53,2022,1
89493172,1660528435000.0,60127996,63.994,0.22471,polo,ltc-usdt,14.38009174,0.0,spot,ltc,2022-08-15 01:53:55,2022,1
89493173,1660528437000.0,60127997,63.968,0.20907200006253124,polo,ltc-usdt,13.3739177,0.0,spot,ltc,2022-08-15 01:53:57,2022,1
89493174,1660528441000.0,60127998,63.981,0.16430999999999998,polo,ltc-usdt,10.51271811,0.0,spot,ltc,2022-08-15 01:54:01,2022,1
89493175,1660528444000.0,60127999,63.981,0.00442099998437036,polo,ltc-usdt,0.28286,0.0,spot,ltc,2022-08-15 01:54:04,2022,1
89493176,1660528444000.0,60128000,63.942,0.811685,polo,ltc-usdt,51.90076227,0.0,spot,ltc,2022-08-15 01:54:04,2022,1
89493177,1660528446000.0,60128001,63.993,0.11781399996874659,polo,ltc-usdt,7.5392713,0.0,spot,ltc,2022-08-15 01:54:06,2022,1
89493178,1660528447000.0,60128002,63.943,0.8191409999530833,polo,ltc-usdt,52.37833296,0.0,spot,ltc,2022-08-15 01:54:07,2022,1
89493179,1660528456000.0,60128003,64.025,0.8476950000780944,polo,ltc-usdt,54.27367238,0.0,spot,ltc,2022-08-15 01:54:16,2022,1
89493180,1660528456000.0,60128004,64.025,0.846994,polo,ltc-usdt,54.22879085,0.0,spot,ltc,2022-08-15 01:54:16,2022,1
89493181,1660528458000.0,60128005,63.993,0.3847720000625068,polo,ltc-usdt,24.6227146,0.0,spot,ltc,2022-08-15 01:54:18,2022,1
89493182,1660528467000.0,60128006,64.025,0.3138090000780945,polo,ltc-usdt,20.09162123,0.0,spot,ltc,2022-08-15 01:54:27,2022,1
89493183,1660528472000.0,60128007,64.01,0.332534,polo,ltc-usdt,21.28550134,0.0,spot,ltc,2022-08-15 01:54:32,2022,1
89493184,1660528476000.0,60128008,64.002,0.2825480000624981,polo,ltc-usdt,18.0836371,0.0,spot,ltc,2022-08-15 01:54:36,2022,1
89493185,1660528481000.0,60128009,64.036,0.11578199996876756,polo,ltc-usdt,7.41421615,0.0,spot,ltc,2022-08-15 01:54:41,2022,1
89493186,1660528484000.0,60128010,64.036,0.0016219999687675682,polo,ltc-usdt,0.10386639,0.0,spot,ltc,2022-08-15 01:54:44,2022,1
89493187,1660528484000.0,60128011,63.993,0.004326000031253418,polo,ltc-usdt,0.27683372,0.0,spot,ltc,2022-08-15 01:54:44,2022,1
89493188,1660528484000.0,60128012,63.96,0.928387,polo,ltc-usdt,59.37963252,0.0,spot,ltc,2022-08-15 01:54:44,2022,1
89493189,1660528496000.0,60128013,64.067,0.6256880000624346,polo,ltc-usdt,40.0859531,0.0,spot,ltc,2022-08-15 01:54:56,2022,1
89493190,1660528502000.0,60128014,64.057,0.2624119999375556,polo,ltc-usdt,16.80932548,0.0,spot,ltc,2022-08-15 01:55:02,2022,1
89493191,1660528507000.0,60128015,64.014,0.3024259999375137,polo,ltc-usdt,19.35949796,0.0,spot,ltc,2022-08-15 01:55:07,2022,1
89493192,1660528510000.0,60128016,64.077,0.3523719999375751,polo,ltc-usdt,22.57894064,0.0,spot,ltc,2022-08-15 01:55:10,2022,1
89493193,1660528511000.0,60128017,64.112,0.2256390000311954,polo,ltc-usdt,14.46616757,0.0,spot,ltc,2022-08-15 01:55:11,2022,1
89493194,1660528514000.0,60128018,64.112,0.00696,polo,ltc-usdt,0.44621952,0.0,spot,ltc,2022-08-15 01:55:14,2022,1
89493195,1660528514000.0,60128019,64.077,0.010585999968787554,polo,ltc-usdt,0.67831912,0.0,spot,ltc,2022-08-15 01:55:14,2022,1
89493196,1660528514000.0,60128020,63.973,0.011483999968736811,polo,ltc-usdt,0.73466593,0.0,spot,ltc,2022-08-15 01:55:14,2022,1
89493197,1660528516000.0,60128021,64.058,0.34115499999999993,polo,ltc-usdt,21.85370699,0.0,spot,ltc,2022-08-15 01:55:16,2022,1
89493198,1660528529000.0,60128022,64.057,0.20963100004683327,polo,ltc-usdt,13.42833297,0.0,spot,ltc,2022-08-15 01:55:29,2022,1
89493199,1660528534000.0,60128023,63.977,0.18615299998436938,polo,ltc-usdt,11.90951048,0.0,spot,ltc,2022-08-15 01:55:34,2022,1
89493200,1660528538000.0,60128024,63.956,0.214518999937457,polo,ltc-usdt,13.71977716,0.0,spot,ltc,2022-08-15 01:55:38,2022,1
89493201,1660528542000.0,60128025,64.002,0.22974000000000003,polo,ltc-usdt,14.70381948,0.0,spot,ltc,2022-08-15 01:55:42,2022,1
89493202,1660528547000.0,60128026,64.028,0.308245,polo,ltc-usdt,19.73631086,0.0,spot,ltc,2022-08-15 01:55:47,2022,1
89493203,1660528551000.0,60128027,64.041,0.122360999984385,polo,ltc-usdt,7.8361208,0.0,spot,ltc,2022-08-15 01:55:51,2022,1
89493204,1660528554000.0,60128028,63.99,0.1954,polo,ltc-usdt,12.503646,0.0,spot,ltc,2022-08-15 01:55:54,2022,1
89493205,1660528554000.0,60128029,63.935,0.8186019999999999,polo,ltc-usdt,52.33731887,0.0,spot,ltc,2022-08-15 01:55:54,2022,1
89493206,1660528566000.0,60128030,63.99,0.36983599999999994,polo,ltc-usdt,23.66580564,0.0,spot,ltc,2022-08-15 01:56:06,2022,1
89493207,1660528566000.0,60128031,64.112,0.1,polo,ltc-usdt,6.4112,0.0,spot,ltc,2022-08-15 01:56:06,2022,1
89493208,1660528566000.0,60128032,64.13,1.165232,polo,ltc-usdt,74.72632816,0.0,spot,ltc,2022-08-15 01:56:06,2022,1
89493209,1660528572000.0,60128033,63.936,1.6122539999374375,polo,ltc-usdt,103.08107174,0.0,spot,ltc,2022-08-15 01:56:12,2022,1
89493210,1660528572000.0,60128034,63.936,1.6181219999687186,polo,ltc-usdt,103.45624819,0.0,spot,ltc,2022-08-15 01:56:12,2022,1
89493211,1660528578000.0,60128035,64.061,0.10832600006244048,polo,ltc-usdt,6.93947189,0.0,spot,ltc,2022-08-15 01:56:18,2022,1
89493212,1660528578000.0,60128036,64.13,0.822528,polo,ltc-usdt,52.74872064,0.0,spot,ltc,2022-08-15 01:56:18,2022,1
89493213,1660528583000.0,60128037,64.035,0.280668,polo,ltc-usdt,17.97257538,0.0,spot,ltc,2022-08-15 01:56:23,2022,1
89493214,1660528583000.0,60128038,63.941,0.7641219999687211,polo,ltc-usdt,48.8587248,0.0,spot,ltc,2022-08-15 01:56:23,2022,1
89493215,1660528589000.0,60128039,64.129,0.8318389999844065,polo,ltc-usdt,53.34500323,0.0,spot,ltc,2022-08-15 01:56:29,2022,1
89493216,1660528589000.0,60128040,64.129,0.8294559999376256,polo,ltc-usdt,53.19218382,0.0,spot,ltc,2022-08-15 01:56:29,2022,1
89493217,1660528591000.0,60128041,64.035,0.25965800000000006,polo,ltc-usdt,16.62720003,0.0,spot,ltc,2022-08-15 01:56:31,2022,1
89493218,1660528600000.0,60128042,64.034,0.018270999937533183,polo,ltc-usdt,1.16996521,0.0,spot,ltc,2022-08-15 01:56:40,2022,1
89493219,1660528600000.0,60128043,64.034,0.09252099993753317,polo,ltc-usdt,5.92448971,0.0,spot,ltc,2022-08-15 01:56:40,2022,1
89493220,1660528621000.0,60128044,64.177,0.1678310000467457,polo,ltc-usdt,10.77089009,0.0,spot,ltc,2022-08-15 01:57:01,2022,1
89493221,1660528629000.0,60128045,64.206,0.027733999937700524,polo,ltc-usdt,1.7806891999999999,0.0,spot,ltc,2022-08-15 01:57:09,2022,1
89493222,1660528635000.0,60128046,64.083,0.15067600003120954,polo,ltc-usdt,9.65577011,0.0,spot,ltc,2022-08-15 01:57:15,2022,1
89493223,1660528652000.0,60128047,64.05,0.272439,polo,ltc-usdt,17.44971795,0.0,spot,ltc,2022-08-15 01:57:32,2022,1
89493224,1660528657000.0,60128048,64.051,0.12532299995316232,polo,ltc-usdt,8.02706347,0.0,spot,ltc,2022-08-15 01:57:37,2022,1
89493225,1660528670000.0,60128049,63.935,0.12681800000000001,polo,ltc-usdt,8.10810883,0.0,spot,ltc,2022-08-15 01:57:50,2022,1
89493226,1660528672000.0,60128050,64.117,0.26184299998440347,polo,ltc-usdt,16.78858763,0.0,spot,ltc,2022-08-15 01:57:52,2022,1
89493227,1660528676000.0,60128051,64.118,0.021840000000000002,polo,ltc-usdt,1.40033712,0.0,spot,ltc,2022-08-15 01:57:56,2022,1
89493228,1660528683000.0,60128052,63.94,0.17598,polo,ltc-usdt,11.2521612,0.0,spot,ltc,2022-08-15 01:58:03,2022,1
89493229,1660528692000.0,60128053,63.966,0.2830389999374668,polo,ltc-usdt,18.10487267,0.0,spot,ltc,2022-08-15 01:58:12,2022,1
89493230,1660528696000.0,60128054,64.13,0.13655899999999999,polo,ltc-usdt,8.75752867,0.0,spot,ltc,2022-08-15 01:58:16,2022,1
89493231,1660528701000.0,60128055,64.048,0.16542299993754683,polo,ltc-usdt,10.5950123,0.0,spot,ltc,2022-08-15 01:58:21,2022,1
89493232,1660528701000.0,60128056,64.169,0.14020100001558386,polo,ltc-usdt,8.99655797,0.0,spot,ltc,2022-08-15 01:58:21,2022,1
89493233,1660528705000.0,60128057,64.249,0.29559,polo,ltc-usdt,18.99136191,0.0,spot,ltc,2022-08-15 01:58:25,2022,1
89493234,1660528709000.0,60128058,64.287,0.19672700001555524,polo,ltc-usdt,12.64698865,0.0,spot,ltc,2022-08-15 01:58:29,2022,1
89493235,1660528709000.0,60128059,64.249,0.013130000000000001,polo,ltc-usdt,0.84358937,0.0,spot,ltc,2022-08-15 01:58:29,2022,1
89493236,1660528714000.0,60128060,64.11,0.18271500000000002,polo,ltc-usdt,11.71385865,0.0,spot,ltc,2022-08-15 01:58:34,2022,1
89493237,1660528716000.0,60128061,64.024,0.42008099993752346,polo,ltc-usdt,26.89526594,0.0,spot,ltc,2022-08-15 01:58:36,2022,1
89493238,1660528718000.0,60128062,63.979,0.2168830000468904,polo,ltc-usdt,13.87595746,0.0,spot,ltc,2022-08-15 01:58:38,2022,1
89493239,1660528723000.0,60128063,64.003,0.10909900004687281,polo,ltc-usdt,6.9826633000000005,0.0,spot,ltc,2022-08-15 01:58:43,2022,1
89493240,1660528723000.0,60128064,64.015,0.43741,polo,ltc-usdt,28.00080115,0.0,spot,ltc,2022-08-15 01:58:43,2022,1
89493241,1660528731000.0,60128065,64.093,0.12347799993759069,polo,ltc-usdt,7.91407545,0.0,spot,ltc,2022-08-15 01:58:51,2022,1
89493242,1660528775000.0,60128066,64.118,0.1084410000311925,polo,ltc-usdt,6.95302004,0.0,spot,ltc,2022-08-15 01:59:35,2022,1
89493243,1660528776000.0,60128067,64.118,0.24619100003119251,polo,ltc-usdt,15.78527454,0.0,spot,ltc,2022-08-15 01:59:36,2022,1
89493244,1660528776000.0,60128068,64.118,0.10879,polo,ltc-usdt,6.97539722,0.0,spot,ltc,2022-08-15 01:59:36,2022,1
89493245,1660528780000.0,60128069,64.209,0.1768879999688517,polo,ltc-usdt,11.35780159,0.0,spot,ltc,2022-08-15 01:59:40,2022,1
89493246,1660528783000.0,60128070,64.253,0.37255699998443653,polo,ltc-usdt,23.93790492,0.0,spot,ltc,2022-08-15 01:59:43,2022,1
89493247,1660528789000.0,60128071,64.21,0.18951300000000001,polo,ltc-usdt,12.16862973,0.0,spot,ltc,2022-08-15 01:59:49,2022,1
89493248,1660528790000.0,60128072,64.233,0.3501730000155683,polo,ltc-usdt,22.49266231,0.0,spot,ltc,2022-08-15 01:59:50,2022,1
89493249,1660528793000.0,60128073,64.266,0.21527899993775867,polo,ltc-usdt,13.83512021,0.0,spot,ltc,2022-08-15 01:59:53,2022,1
89493250,1660528798000.0,60128074,64.25,0.31631800000000004,polo,ltc-usdt,20.3234315,0.0,spot,ltc,2022-08-15 01:59:58,2022,1
89493251,1660528798000.0,60128075,64.273,0.3667439999688828,polo,ltc-usdt,23.57173711,0.0,spot,ltc,2022-08-15 01:59:58,2022,1
89493252,1660528802000.0,60128076,64.261,0.14615299995331538,polo,ltc-usdt,9.39193793,0.0,spot,ltc,2022-08-15 02:00:02,2022,2
89493253,1660528806000.0,60128077,64.275,0.26852500007779073,polo,ltc-usdt,17.25944438,0.0,spot,ltc,2022-08-15 02:00:06,2022,2
89493254,1660528811000.0,60128078,64.281,0.22382700004667005,polo,ltc-usdt,14.38782339,0.0,spot,ltc,2022-08-15 02:00:11,2022,2
89493255,1660528813000.0,60128079,64.168,0.27402100003116814,polo,ltc-usdt,17.58337953,0.0,spot,ltc,2022-08-15 02:00:13,2022,2
89493256,1660528828000.0,60128080,64.072,0.30097800006242975,polo,ltc-usdt,19.28426242,0.0,spot,ltc,2022-08-15 02:00:28,2022,2
89493257,1660528829000.0,60128081,64.178,0.19264700006232666,polo,ltc-usdt,12.36369917,0.0,spot,ltc,2022-08-15 02:00:29,2022,2
89493258,1660528837000.0,60128082,64.072,0.13137300006242975,polo,ltc-usdt,8.41733086,0.0,spot,ltc,2022-08-15 02:00:37,2022,2
89493259,1660528841000.0,60128083,64.073,0.1537920000624288,polo,ltc-usdt,9.85391482,0.0,spot,ltc,2022-08-15 02:00:41,2022,2
89493260,1660528850000.0,60128084,64.203,0.28808999999999996,polo,ltc-usdt,18.49624227,0.0,spot,ltc,2022-08-15 02:00:50,2022,2
89493261,1660528855000.0,60128085,64.142,0.268835,polo,ltc-usdt,17.24361457,0.0,spot,ltc,2022-08-15 02:00:55,2022,2
89493262,1660528866000.0,60128086,64.12,0.41213,polo,ltc-usdt,26.4257756,0.0,spot,ltc,2022-08-15 02:01:06,2022,2
89493263,1660528871000.0,60128087,64.248,0.021779999999999997,polo,ltc-usdt,1.39932144,0.0,spot,ltc,2022-08-15 02:01:11,2022,2
89493264,1660528881000.0,60128088,64.184,0.12943400006232084,polo,ltc-usdt,8.30759186,0.0,spot,ltc,2022-08-15 02:01:21,2022,2
89493265,1660528885000.0,60128089,64.151,0.1327160000623529,polo,ltc-usdt,8.513864120000001,0.0,spot,ltc,2022-08-15 02:01:25,2022,2
89493266,1660528890000.0,60128090,64.135,0.11977700007796055,polo,ltc-usdt,7.6818979,0.0,spot,ltc,2022-08-15 02:01:30,2022,2
89493267,1660528899000.0,60128091,64.149,0.22291200003117742,polo,ltc-usdt,14.29958189,0.0,spot,ltc,2022-08-15 02:01:39,2022,2
89493268,1660528903000.0,60128092,64.197,0.18605,polo,ltc-usdt,11.94385185,0.0,spot,ltc,2022-08-15 02:01:43,2022,2
89493269,1660528907000.0,60128093,64.158,0.12678899996882698,polo,ltc-usdt,8.13452866,0.0,spot,ltc,2022-08-15 02:01:47,2022,2
89493270,1660528912000.0,60128094,64.137,0.13142299998440837,polo,ltc-usdt,8.42907695,0.0,spot,ltc,2022-08-15 02:01:52,2022,2
89493271,1660528925000.0,60128095,64.083,0.4304639999687905,polo,ltc-usdt,27.58542451,0.0,spot,ltc,2022-08-15 02:02:05,2022,2
89493272,1660528929000.0,60128096,64.084,0.3054659999375819,polo,ltc-usdt,19.57548314,0.0,spot,ltc,2022-08-15 02:02:09,2022,2
89493273,1660528932000.0,60128097,64.154,0.386675,polo,ltc-usdt,24.80674795,0.0,spot,ltc,2022-08-15 02:02:12,2022,2
89493274,1660528935000.0,60128098,64.085,0.10416900007802138,polo,ltc-usdt,6.67567037,0.0,spot,ltc,2022-08-15 02:02:15,2022,2
89493275,1660528940000.0,60128099,64.095,0.09234600000000001,polo,ltc-usdt,5.91891687,0.0,spot,ltc,2022-08-15 02:02:20,2022,2
89493276,1660528952000.0,60128100,64.022,0.2278580000624785,polo,ltc-usdt,14.58792488,0.0,spot,ltc,2022-08-15 02:02:32,2022,2
89493277,1660528956000.0,60128101,64.11,0.408891,polo,ltc-usdt,26.21400201,0.0,spot,ltc,2022-08-15 02:02:36,2022,2
89493278,1660528961000.0,60128102,64.111,0.1337719999688041,polo,ltc-usdt,8.57625669,0.0,spot,ltc,2022-08-15 02:02:41,2022,2
89493279,1660528965000.0,60128103,64.033,0.24616000000000002,polo,ltc-usdt,15.76236328,0.0,spot,ltc,2022-08-15 02:02:45,2022,2
89493280,1660528970000.0,60128104,64.115,0.20486300007798489,polo,ltc-usdt,13.13479125,0.0,spot,ltc,2022-08-15 02:02:50,2022,2
89493281,1660528979000.0,60128105,64.116,0.20881899993761308,polo,ltc-usdt,13.388639,0.0,spot,ltc,2022-08-15 02:02:59,2022,2
89493282,1660528983000.0,60128106,64.117,0.15279899995321053,polo,ltc-usdt,9.79701348,0.0,spot,ltc,2022-08-15 02:03:03,2022,2
89493283,1660528988000.0,60128107,64.117,0.17787700001559648,polo,ltc-usdt,11.40493961,0.0,spot,ltc,2022-08-15 02:03:08,2022,2
89493284,1660528992000.0,60128108,64.061,0.2811139999375595,polo,ltc-usdt,18.00844395,0.0,spot,ltc,2022-08-15 02:03:12,2022,2
89493285,1660529005000.0,60128109,63.954,0.21256900006254495,polo,ltc-usdt,13.59463783,0.0,spot,ltc,2022-08-15 02:03:25,2022,2
89493286,1660529006000.0,60128110,63.954,0.0002520000312724771,polo,ltc-usdt,0.01611641,0.0,spot,ltc,2022-08-15 02:03:26,2022,2
89493287,1660529007000.0,60128111,64.08,0.330202,polo,ltc-usdt,21.15934416,0.0,spot,ltc,2022-08-15 02:03:27,2022,2
89493288,1660529010000.0,60128112,64.081,0.11636999999999999,polo,ltc-usdt,7.45710597,0.0,spot,ltc,2022-08-15 02:03:30,2022,2
89493289,1660529010000.0,60128113,64.18,0.849111,polo,ltc-usdt,54.49594398,0.0,spot,ltc,2022-08-15 02:03:30,2022,2
89493290,1660529014000.0,60128114,64.082,0.27501800006242005,polo,ltc-usdt,17.62370348,0.0,spot,ltc,2022-08-15 02:03:34,2022,2
89493291,1660529014000.0,60128115,64.128,0.33458,polo,ltc-usdt,21.45594624,0.0,spot,ltc,2022-08-15 02:03:34,2022,2
89493292,1660529022000.0,60128116,64.066,0.1331319999687822,polo,ltc-usdt,8.52923471,0.0,spot,ltc,2022-08-15 02:03:42,2022,2
89493293,1660529023000.0,60128117,64.067,0.13185899995317404,polo,ltc-usdt,8.44781055,0.0,spot,ltc,2022-08-15 02:03:43,2022,2
89493294,1660529031000.0,60128118,64.025,0.2057270000780945,polo,ltc-usdt,13.17167118,0.0,spot,ltc,2022-08-15 02:03:51,2022,2
89493295,1660529033000.0,60128119,64.12,0.23446599999999998,polo,ltc-usdt,15.03395992,0.0,spot,ltc,2022-08-15 02:03:53,2022,2
89493296,1660529044000.0,60128120,64.109,0.17772500007799216,polo,ltc-usdt,11.39377203,0.0,spot,ltc,2022-08-15 02:04:04,2022,2
89493297,1660529045000.0,60128121,64.11,0.17469300000000001,polo,ltc-usdt,11.19956823,0.0,spot,ltc,2022-08-15 02:04:05,2022,2
89493298,1660529053000.0,60128122,64.11,0.25271699999999997,polo,ltc-usdt,16.20168687,0.0,spot,ltc,2022-08-15 02:04:13,2022,2
89493299,1660529055000.0,60128123,64.11,0.000464,polo,ltc-usdt,0.02974704,0.0,spot,ltc,2022-08-15 02:04:15,2022,2
89493300,1660529055000.0,60128124,64.11,0.016577,polo,ltc-usdt,1.06275147,0.0,spot,ltc,2022-08-15 02:04:15,2022,2
89493301,1660529058000.0,60128125,64.11,0.127377,polo,ltc-usdt,8.16613947,0.0,spot,ltc,2022-08-15 02:04:18,2022,2
89493302,1660529067000.0,60128126,64.117,0.10088100004678946,polo,ltc-usdt,6.46818708,0.0,spot,ltc,2022-08-15 02:04:27,2022,2
89493303,1660529071000.0,60128127,64.029,0.19789699995314625,polo,ltc-usdt,12.67114701,0.0,spot,ltc,2022-08-15 02:04:31,2022,2
89493304,1660529074000.0,60128128,64.075,0.411932,polo,ltc-usdt,26.3945429,0.0,spot,ltc,2022-08-15 02:04:34,2022,2
89493305,1660529076000.0,60128129,64.076,0.31234100006242593,polo,ltc-usdt,20.01356192,0.0,spot,ltc,2022-08-15 02:04:36,2022,2
89493306,1660529076000.0,60128130,64.076,0.005725000000000001,polo,ltc-usdt,0.3668351,0.0,spot,ltc,2022-08-15 02:04:36,2022,2
89493307,1660529081000.0,60128131,64.16,0.103021,polo,ltc-usdt,6.60982736,0.0,spot,ltc,2022-08-15 02:04:41,2022,2
89493308,1660529084000.0,60128132,64.03,0.162991,polo,ltc-usdt,10.43631373,0.0,spot,ltc,2022-08-15 02:04:44,2022,2
89493309,1660529093000.0,60128133,64.042,0.12690900003122949,polo,ltc-usdt,8.12750618,0.0,spot,ltc,2022-08-15 02:04:53,2022,2
89493310,1660529096000.0,60128134,64.138,0.3342020000623655,polo,ltc-usdt,21.43504788,0.0,spot,ltc,2022-08-15 02:04:56,2022,2
89493311,1660529097000.0,60128135,64.139,0.12110699995322659,polo,ltc-usdt,7.76768187,0.0,spot,ltc,2022-08-15 02:04:57,2022,2
89493312,1660529104000.0,60128136,64.187,0.19275899995326157,polo,ltc-usdt,12.37262193,0.0,spot,ltc,2022-08-15 02:05:04,2022,2
89493313,1660529106000.0,60128137,64.042,0.17338,polo,ltc-usdt,11.10360196,0.0,spot,ltc,2022-08-15 02:05:06,2022,2
89493314,1660529111000.0,60128138,64.044,0.13365400006245706,polo,ltc-usdt,8.55973678,0.0,spot,ltc,2022-08-15 02:05:11,2022,2
89493315,1660529112000.0,60128139,64.043,0.392136000031229,polo,ltc-usdt,25.11356585,0.0,spot,ltc,2022-08-15 02:05:12,2022,2
89493316,1660529119000.0,60128140,64.129,0.18268599993762571,polo,ltc-usdt,11.71547049,0.0,spot,ltc,2022-08-15 02:05:19,2022,2
89493317,1660529119000.0,60128141,64.13,0.383737,polo,ltc-usdt,24.60905381,0.0,spot,ltc,2022-08-15 02:05:19,2022,2
89493318,1660529124000.0,60128142,64.131,0.17541700004677924,polo,ltc-usdt,11.24966763,0.0,spot,ltc,2022-08-15 02:05:24,2022,2
89493319,1660529137000.0,60128143,64.13,0.33147200000000004,polo,ltc-usdt,21.25729936,0.0,spot,ltc,2022-08-15 02:05:37,2022,2
89493320,1660529137000.0,60128144,64.13,0.006984000000000001,polo,ltc-usdt,0.44788392,0.0,spot,ltc,2022-08-15 02:05:37,2022,2
89493321,1660529146000.0,60128145,64.021,0.1965039999375205,polo,ltc-usdt,12.58038258,0.0,spot,ltc,2022-08-15 02:05:46,2022,2
89493322,1660529155000.0,60128146,64.021,0.2994719999687602,polo,ltc-usdt,19.17249691,0.0,spot,ltc,2022-08-15 02:05:55,2022,2
89493323,1660529156000.0,60128147,64.104,0.1221270000311993,polo,ltc-usdt,7.82882921,0.0,spot,ltc,2022-08-15 02:05:56,2022,2
89493324,1660529159000.0,60128148,64.105,0.451741000077997,polo,ltc-usdt,28.95885681,0.0,spot,ltc,2022-08-15 02:05:59,2022,2
89493325,1660529164000.0,60128149,64.142,0.1402409999688192,polo,ltc-usdt,8.99533822,0.0,spot,ltc,2022-08-15 02:06:04,2022,2
89493326,1660529168000.0,60128150,64.052,0.3624519999375507,polo,ltc-usdt,23.2157755,0.0,spot,ltc,2022-08-15 02:06:08,2022,2
89493327,1660529176000.0,60128151,64.052,0.4452280000624492,polo,ltc-usdt,28.51774386,0.0,spot,ltc,2022-08-15 02:06:16,2022,2
89493328,1660529177000.0,60128152,64.051,0.4967590000156125,polo,ltc-usdt,31.81791071,0.0,spot,ltc,2022-08-15 02:06:17,2022,2
89493329,1660529185000.0,60128153,64.118,0.24412200006238502,polo,ltc-usdt,15.652614400000001,0.0,spot,ltc,2022-08-15 02:06:25,2022,2
89493330,1660529185000.0,60128154,64.118,0.0051360000311924895,polo,ltc-usdt,0.32931005,0.0,spot,ltc,2022-08-15 02:06:25,2022,2
89493331,1660529185000.0,60128155,64.052,0.39510999999999996,polo,ltc-usdt,25.30758572,0.0,spot,ltc,2022-08-15 02:06:25,2022,2
89493332,1660529190000.0,60128156,64.051,0.3839360000624502,polo,ltc-usdt,24.59148474,0.0,spot,ltc,2022-08-15 02:06:30,2022,2
89493333,1660529199000.0,60128157,64.051,0.14346299995316233,polo,ltc-usdt,9.18894861,0.0,spot,ltc,2022-08-15 02:06:39,2022,2
89493334,1660529199000.0,60128158,64.051,0.0019339999375497649,polo,ltc-usdt,0.12387463,0.0,spot,ltc,2022-08-15 02:06:39,2022,2
89493335,1660529200000.0,60128159,64.113,0.28024300001559743,polo,ltc-usdt,17.96721946,0.0,spot,ltc,2022-08-15 02:06:40,2022,2
89493336,1660529207000.0,60128160,64.051,0.15797999999999998,polo,ltc-usdt,10.11877698,0.0,spot,ltc,2022-08-15 02:06:47,2022,2
89493337,1660529215000.0,60128161,64.109,0.29671400006239373,polo,ltc-usdt,19.02203783,0.0,spot,ltc,2022-08-15 02:06:55,2022,2
89493338,1660529216000.0,60128162,64.051,0.4789539999375498,polo,ltc-usdt,30.67748265,0.0,spot,ltc,2022-08-15 02:06:56,2022,2
89493339,1660529222000.0,60128163,64.081,0.214256000062421,polo,ltc-usdt,13.72973874,0.0,spot,ltc,2022-08-15 02:07:02,2022,2
89493340,1660529225000.0,60128164,64.051,0.3151490000156125,polo,ltc-usdt,20.1856086,0.0,spot,ltc,2022-08-15 02:07:05,2022,2
89493341,1660529234000.0,60128165,64.013,0.40069699998437813,polo,ltc-usdt,25.64981706,0.0,spot,ltc,2022-08-15 02:07:14,2022,2
89493342,1660529235000.0,60128166,64.031,0.5361790000156174,polo,ltc-usdt,34.33207755,0.0,spot,ltc,2022-08-15 02:07:15,2022,2
89493343,1660529235000.0,60128167,64.031,0.5342839999375303,polo,ltc-usdt,34.2107388,0.0,spot,ltc,2022-08-15 02:07:15,2022,2
89493344,1660529236000.0,60128168,64.112,0.21367400003119544,polo,ltc-usdt,13.699067490000001,0.0,spot,ltc,2022-08-15 02:07:16,2022,2
89493345,1660529243000.0,60128169,64.083,0.3213530000156048,polo,ltc-usdt,20.5932643,0.0,spot,ltc,2022-08-15 02:07:23,2022,2
89493346,1660529251000.0,60128170,64.052,0.2561380000624492,polo,ltc-usdt,16.40615118,0.0,spot,ltc,2022-08-15 02:07:31,2022,2
89493347,1660529252000.0,60128171,64.059,0.26884400006244247,polo,ltc-usdt,17.2218778,0.0,spot,ltc,2022-08-15 02:07:32,2022,2
89493348,1660529252000.0,60128172,64.052,0.0051849999999999995,polo,ltc-usdt,0.33210962,0.0,spot,ltc,2022-08-15 02:07:32,2022,2
89493349,1660529252000.0,60128173,64.04,0.44076699999999996,polo,ltc-usdt,28.22671868,0.0,spot,ltc,2022-08-15 02:07:32,2022,2
89493350,1660529260000.0,60128174,64.066,0.2864369999687822,polo,ltc-usdt,18.35087284,0.0,spot,ltc,2022-08-15 02:07:40,2022,2
89493351,1660529269000.0,60128175,64.066,0.43671899993756436,polo,ltc-usdt,27.97883945,0.0,spot,ltc,2022-08-15 02:07:49,2022,2
89493352,1660529269000.0,60128176,64.186,0.43861899993768105,polo,ltc-usdt,28.15319913,0.0,spot,ltc,2022-08-15 02:07:49,2022,2
89493353,1660529281000.0,60128177,64.125,0.278366,polo,ltc-usdt,17.85021975,0.0,spot,ltc,2022-08-15 02:08:01,2022,2
89493354,1660529288000.0,60128178,64.161,0.2778409999844142,polo,ltc-usdt,17.8265564,0.0,spot,ltc,2022-08-15 02:08:08,2022,2
89493355,1660529296000.0,60128179,64.165,0.1433270000779241,polo,ltc-usdt,9.19657696,0.0,spot,ltc,2022-08-15 02:08:16,2022,2
89493356,1660529300000.0,60128180,64.177,0.30532299998441803,polo,ltc-usdt,19.59471417,0.0,spot,ltc,2022-08-15 02:08:20,2022,2
89493357,1660529303000.0,60128181,64.181,0.19133500007790466,polo,ltc-usdt,12.28007164,0.0,spot,ltc,2022-08-15 02:08:23,2022,2
89493358,1660529305000.0,60128182,64.179,0.45931,polo,ltc-usdt,29.47805649,0.0,spot,ltc,2022-08-15 02:08:25,2022,2
89493359,1660529309000.0,60128183,64.106,0.3045560000623967,polo,ltc-usdt,19.52386694,0.0,spot,ltc,2022-08-15 02:08:29,2022,2
89493360,1660529310000.0,60128184,64.145,0.11897300007794841,polo,ltc-usdt,7.63152309,0.0,spot,ltc,2022-08-15 02:08:30,2022,2
89493361,1660529313000.0,60128185,64.167,0.02372299998441566,polo,ltc-usdt,1.52223374,0.0,spot,ltc,2022-08-15 02:08:33,2022,2
89493362,1660529313000.0,60128186,64.167,0.36517700001558434,polo,ltc-usdt,23.43231256,0.0,spot,ltc,2022-08-15 02:08:33,2022,2
