uid,time,trade_id,price,amount,exchange,instrmnt,vol_dllr,sell2,Class,Asset,datetime,year,hour
89464874,1660521632000.0,60094629,0.07046,2059.815,polo,trx-usdt,145.1345649,0.0,spot,trx,2022-08-15 00:00:32,2022,0
89464875,1660521632000.0,60094630,0.07046,2064.9390000000003,polo,trx-usdt,145.49560194,0.0,spot,trx,2022-08-15 00:00:32,2022,0
89464876,1660521636000.0,60094631,0.07031,121.34,polo,trx-usdt,8.5314154,0.0,spot,trx,2022-08-15 00:00:36,2022,0
89464877,1660521643000.0,60094632,0.07036,1676.8149999999998,polo,trx-usdt,117.9807034,0.0,spot,trx,2022-08-15 00:00:43,2022,0
89464878,1660521692000.0,60094633,0.07034,127.02199999999999,polo,trx-usdt,8.93472748,0.0,spot,trx,2022-08-15 00:01:32,2022,0
89464879,1660521704000.0,60094634,0.07037,205.452,polo,trx-usdt,14.45765724,0.0,spot,trx,2022-08-15 00:01:44,2022,0
89464880,1660521712000.0,60094635,0.07036,208.27299999999997,polo,trx-usdt,14.654088279999998,0.0,spot,trx,2022-08-15 00:01:52,2022,0
89464881,1660521721000.0,60094636,0.07035,179.56600000000003,polo,trx-usdt,12.632468100000002,0.0,spot,trx,2022-08-15 00:02:01,2022,0
89464882,1660521728000.0,60094637,0.07033,11731.619,polo,trx-usdt,825.08476427,0.0,spot,trx,2022-08-15 00:02:08,2022,0
89464883,1660521733000.0,60094638,0.07033,84.667,polo,trx-usdt,5.95463011,0.0,spot,trx,2022-08-15 00:02:13,2022,0
89464884,1660521963000.0,60094639,0.07031,2740.088,polo,trx-usdt,192.65558728000002,0.0,spot,trx,2022-08-15 00:06:03,2022,0
89464885,1660521963000.0,60094640,0.07031,62.242000000000004,polo,trx-usdt,4.37623502,0.0,spot,trx,2022-08-15 00:06:03,2022,0
89464886,1660521990000.0,60094641,0.0702,706.491,polo,trx-usdt,49.5956682,0.0,spot,trx,2022-08-15 00:06:30,2022,0
89464887,1660522006000.0,60094642,0.07031,24.832,polo,trx-usdt,1.74593792,0.0,spot,trx,2022-08-15 00:06:46,2022,0
89464888,1660522096000.0,60094643,0.07035,30.016000000000002,polo,trx-usdt,2.1116256,0.0,spot,trx,2022-08-15 00:08:16,2022,0
89464889,1660522119000.0,60094644,0.07025,10313.166,polo,trx-usdt,724.4999115,0.0,spot,trx,2022-08-15 00:08:39,2022,0
89464890,1660522126000.0,60094645,0.07028,121.16000000000001,polo,trx-usdt,8.5151248,0.0,spot,trx,2022-08-15 00:08:46,2022,0
89464891,1660522126000.0,60094646,0.07028,1.563,polo,trx-usdt,0.10984763999999998,0.0,spot,trx,2022-08-15 00:08:46,2022,0
89464892,1660522133000.0,60094647,0.07019,11805.440999999999,polo,trx-usdt,828.62390379,0.0,spot,trx,2022-08-15 00:08:53,2022,0
89464893,1660522133000.0,60094648,0.07028,85.53200000000001,polo,trx-usdt,6.01118896,0.0,spot,trx,2022-08-15 00:08:53,2022,0
89464894,1660522476000.0,60094649,0.07029,31.225999999999996,polo,trx-usdt,2.19487554,0.0,spot,trx,2022-08-15 00:14:36,2022,0
89464895,1660522555000.0,60094650,0.07024,183.585,polo,trx-usdt,12.8950104,0.0,spot,trx,2022-08-15 00:15:55,2022,0
89464896,1660522645000.0,60094651,0.07038,45.351,polo,trx-usdt,3.1918033799999996,0.0,spot,trx,2022-08-15 00:17:25,2022,0
89464897,1660522876000.0,60094652,0.07019,30.0,polo,trx-usdt,2.1057,0.0,spot,trx,2022-08-15 00:21:16,2022,0
89464898,1660522925000.0,60094653,0.07018,70.559,polo,trx-usdt,4.95183062,0.0,spot,trx,2022-08-15 00:22:05,2022,0
89464899,1660523042000.0,60094654,0.07018,2887.4899999999993,polo,trx-usdt,202.64404819999996,0.0,spot,trx,2022-08-15 00:24:02,2022,0
89464900,1660523049000.0,60094655,0.07017,327.47200000000004,polo,trx-usdt,22.97871024,0.0,spot,trx,2022-08-15 00:24:09,2022,0
89464901,1660523056000.0,60094656,0.07018,2674.6179999999995,polo,trx-usdt,187.70469124,0.0,spot,trx,2022-08-15 00:24:16,2022,0
89464902,1660523057000.0,60094657,0.07018,43.94199999999999,polo,trx-usdt,3.08384956,0.0,spot,trx,2022-08-15 00:24:17,2022,0
89464903,1660523064000.0,60094658,0.07017,228.30800000000002,polo,trx-usdt,16.02037236,0.0,spot,trx,2022-08-15 00:24:24,2022,0
89464904,1660523064000.0,60094659,0.07017,6.529,polo,trx-usdt,0.45813993,0.0,spot,trx,2022-08-15 00:24:24,2022,0
89464905,1660523078000.0,60094660,0.07017,204.65300000000002,polo,trx-usdt,14.36050101,0.0,spot,trx,2022-08-15 00:24:38,2022,0
89464906,1660523094000.0,60094661,0.07017,179.60500000000002,polo,trx-usdt,12.60288285,0.0,spot,trx,2022-08-15 00:24:54,2022,0
89464907,1660523101000.0,60094662,0.07018,2372.9579999999996,polo,trx-usdt,166.53419244,0.0,spot,trx,2022-08-15 00:25:01,2022,0
89464908,1660523243000.0,60094663,0.07019,213.78199999999998,polo,trx-usdt,15.00535858,0.0,spot,trx,2022-08-15 00:27:23,2022,0
89464909,1660523364000.0,60094664,0.07033,71.0,polo,trx-usdt,4.99343,0.0,spot,trx,2022-08-15 00:29:24,2022,0
89464910,1660523365000.0,60094665,0.07019,8392.324,polo,trx-usdt,589.05722156,0.0,spot,trx,2022-08-15 00:29:25,2022,0
89464911,1660523373000.0,60094666,0.07018,3505.6319999999996,polo,trx-usdt,246.02525376,0.0,spot,trx,2022-08-15 00:29:33,2022,0
89464912,1660523380000.0,60094667,0.07017,664.461,polo,trx-usdt,46.625228369999995,0.0,spot,trx,2022-08-15 00:29:40,2022,0
89464913,1660523394000.0,60094668,0.07018,197.73499999999999,polo,trx-usdt,13.8770423,0.0,spot,trx,2022-08-15 00:29:54,2022,0
89464914,1660523395000.0,60094669,0.07017,732.5720000000001,polo,trx-usdt,51.40457724000001,0.0,spot,trx,2022-08-15 00:29:55,2022,0
89464915,1660523410000.0,60094670,0.07017,295.80300000000005,polo,trx-usdt,20.75649651,0.0,spot,trx,2022-08-15 00:30:10,2022,0
89464916,1660523413000.0,60094671,0.07018,216.73,polo,trx-usdt,15.2101114,0.0,spot,trx,2022-08-15 00:30:13,2022,0
89464917,1660523425000.0,60094672,0.07017,282.657,polo,trx-usdt,19.83404169,0.0,spot,trx,2022-08-15 00:30:25,2022,0
89464918,1660523441000.0,60094673,0.07017,215.79000000000002,polo,trx-usdt,15.1419843,0.0,spot,trx,2022-08-15 00:30:41,2022,0
89464919,1660523452000.0,60094674,0.07018,225.89499999999995,polo,trx-usdt,15.853311099999997,0.0,spot,trx,2022-08-15 00:30:52,2022,0
89464920,1660523457000.0,60094675,0.07018,41.62799999999999,polo,trx-usdt,2.92145304,0.0,spot,trx,2022-08-15 00:30:57,2022,0
89464921,1660523477000.0,60094676,0.07017,304.266,polo,trx-usdt,21.35034522,0.0,spot,trx,2022-08-15 00:31:17,2022,0
89464922,1660523491000.0,60094677,0.07018,275.37699999999995,polo,trx-usdt,19.32595786,0.0,spot,trx,2022-08-15 00:31:31,2022,0
89464923,1660523506000.0,60094678,0.07018,431.05699999999996,polo,trx-usdt,30.25158026,0.0,spot,trx,2022-08-15 00:31:46,2022,0
89464924,1660523519000.0,60094679,0.0702,237.265,polo,trx-usdt,16.656003,0.0,spot,trx,2022-08-15 00:31:59,2022,0
89464925,1660523521000.0,60094680,0.07019,476.794,polo,trx-usdt,33.46617086,0.0,spot,trx,2022-08-15 00:32:01,2022,0
89464926,1660523663000.0,60094681,0.07033,76.0,polo,trx-usdt,5.34508,0.0,spot,trx,2022-08-15 00:34:23,2022,0
89464927,1660523720000.0,60094682,0.07036,147.105,polo,trx-usdt,10.3503078,0.0,spot,trx,2022-08-15 00:35:20,2022,0
89464928,1660523894000.0,60094683,0.0704,326.691,polo,trx-usdt,22.9990464,0.0,spot,trx,2022-08-15 00:38:14,2022,0
89464929,1660523947000.0,60094684,0.0704,242.646,polo,trx-usdt,17.0822784,0.0,spot,trx,2022-08-15 00:39:07,2022,0
89464930,1660523958000.0,60094685,0.0704,233.00599999999997,polo,trx-usdt,16.4036224,0.0,spot,trx,2022-08-15 00:39:18,2022,0
89464931,1660523967000.0,60094686,0.07041,174.943,polo,trx-usdt,12.31773663,0.0,spot,trx,2022-08-15 00:39:27,2022,0
89464932,1660523984000.0,60094687,0.07041,260.834,polo,trx-usdt,18.36532194,0.0,spot,trx,2022-08-15 00:39:44,2022,0
89464933,1660524069000.0,60094688,0.07038,106.655,polo,trx-usdt,7.5063789,0.0,spot,trx,2022-08-15 00:41:09,2022,0
89464934,1660524074000.0,60094689,0.0706,90.903,polo,trx-usdt,6.4177518000000005,0.0,spot,trx,2022-08-15 00:41:14,2022,0
89464935,1660524076000.0,60094690,0.07024,9278.977,polo,trx-usdt,651.7553444800001,0.0,spot,trx,2022-08-15 00:41:16,2022,0
89464936,1660524076000.0,60094691,0.07024,0.001,polo,trx-usdt,7.023999999999999e-05,0.0,spot,trx,2022-08-15 00:41:16,2022,0
89464937,1660524084000.0,60094692,0.07049,5891.081,polo,trx-usdt,415.26229969,0.0,spot,trx,2022-08-15 00:41:24,2022,0
89464938,1660524085000.0,60094693,0.0705,121.733,polo,trx-usdt,8.5821765,0.0,spot,trx,2022-08-15 00:41:25,2022,0
89464939,1660524085000.0,60094694,0.0705,243.119,polo,trx-usdt,17.1398895,0.0,spot,trx,2022-08-15 00:41:25,2022,0
89464940,1660524099000.0,60094695,0.07047,4708.44,polo,trx-usdt,331.8037668,0.0,spot,trx,2022-08-15 00:41:39,2022,0
89464941,1660524106000.0,60094696,0.07049,87.28,polo,trx-usdt,6.1523672,0.0,spot,trx,2022-08-15 00:41:46,2022,0
89464942,1660524106000.0,60094697,0.0705,8685.338000000002,polo,trx-usdt,612.316329,0.0,spot,trx,2022-08-15 00:41:46,2022,0
89464943,1660524113000.0,60094698,0.07055,5746.684,polo,trx-usdt,405.4285562,0.0,spot,trx,2022-08-15 00:41:53,2022,0
89464944,1660524114000.0,60094699,0.07055,35.35,polo,trx-usdt,2.4939425,0.0,spot,trx,2022-08-15 00:41:54,2022,0
89464945,1660524122000.0,60094700,0.0705,6037.822,polo,trx-usdt,425.666451,0.0,spot,trx,2022-08-15 00:42:02,2022,0
89464946,1660524131000.0,60094701,0.0705,20.268000000000004,polo,trx-usdt,1.428894,0.0,spot,trx,2022-08-15 00:42:11,2022,0
89464947,1660524135000.0,60094702,0.07062,19.802999999999997,polo,trx-usdt,1.39848786,0.0,spot,trx,2022-08-15 00:42:15,2022,0
89464948,1660524225000.0,60094703,0.07051,10224.108,polo,trx-usdt,720.90185508,0.0,spot,trx,2022-08-15 00:43:45,2022,0
89464949,1660524232000.0,60094704,0.07055,4721.492,polo,trx-usdt,333.10126060000005,0.0,spot,trx,2022-08-15 00:43:52,2022,0
89464950,1660524261000.0,60094705,0.07051,359.55,polo,trx-usdt,25.3518705,0.0,spot,trx,2022-08-15 00:44:21,2022,0
89464951,1660524263000.0,60094706,0.07049,120.503,polo,trx-usdt,8.49425647,0.0,spot,trx,2022-08-15 00:44:23,2022,0
89464952,1660524278000.0,60094707,0.07046,8947.822,polo,trx-usdt,630.46353812,0.0,spot,trx,2022-08-15 00:44:38,2022,0
89464953,1660524294000.0,60094708,0.07046,313.872,polo,trx-usdt,22.11542112,0.0,spot,trx,2022-08-15 00:44:54,2022,0
89464954,1660524434000.0,60094709,0.07045,9282.784000000001,polo,trx-usdt,653.9721328,0.0,spot,trx,2022-08-15 00:47:14,2022,0
89464955,1660524438000.0,60094710,0.07046,200.43300000000002,polo,trx-usdt,14.12250918,0.0,spot,trx,2022-08-15 00:47:18,2022,0
89464956,1660524441000.0,60094711,0.07047,57.31699999999999,polo,trx-usdt,4.03912899,0.0,spot,trx,2022-08-15 00:47:21,2022,0
89464957,1660524441000.0,60094712,0.07047,3098.85,polo,trx-usdt,218.37595950000002,0.0,spot,trx,2022-08-15 00:47:21,2022,0
89464958,1660524449000.0,60094713,0.07038,213.39100000000002,polo,trx-usdt,15.01845858,0.0,spot,trx,2022-08-15 00:47:29,2022,0
89464959,1660524449000.0,60094714,0.07038,5496.966,polo,trx-usdt,386.87646708,0.0,spot,trx,2022-08-15 00:47:29,2022,0
89464960,1660524456000.0,60094715,0.07043,6958.173999999999,polo,trx-usdt,490.06419481999995,0.0,spot,trx,2022-08-15 00:47:36,2022,0
89464961,1660524463000.0,60094716,0.07042,173.596,polo,trx-usdt,12.22463032,0.0,spot,trx,2022-08-15 00:47:43,2022,0
89464962,1660524464000.0,60094717,0.07042,2.9010000000000002,polo,trx-usdt,0.20428842,0.0,spot,trx,2022-08-15 00:47:44,2022,0
89464963,1660524464000.0,60094718,0.07042,12.725000000000001,polo,trx-usdt,0.8960945,0.0,spot,trx,2022-08-15 00:47:44,2022,0
89464964,1660524465000.0,60094719,0.07042,9533.913,polo,trx-usdt,671.37815346,0.0,spot,trx,2022-08-15 00:47:45,2022,0
89464965,1660524478000.0,60094720,0.07045,4504.4529999999995,polo,trx-usdt,317.33871385,0.0,spot,trx,2022-08-15 00:47:58,2022,0
89464966,1660524493000.0,60094721,0.07044,4183.497,polo,trx-usdt,294.68552868,0.0,spot,trx,2022-08-15 00:48:13,2022,0
89464967,1660524500000.0,60094722,0.07043,170.378,polo,trx-usdt,11.99972254,0.0,spot,trx,2022-08-15 00:48:20,2022,0
89464968,1660524500000.0,60094723,0.07044,77.875,polo,trx-usdt,5.485515,0.0,spot,trx,2022-08-15 00:48:20,2022,0
89464969,1660524628000.0,60094724,0.07054,379.698,polo,trx-usdt,26.78389692,0.0,spot,trx,2022-08-15 00:50:28,2022,0
89464970,1660524637000.0,60094725,0.07051,531.614,polo,trx-usdt,37.48410314,0.0,spot,trx,2022-08-15 00:50:37,2022,0
89464971,1660524646000.0,60094726,0.07059,7402.124000000001,polo,trx-usdt,522.51593316,0.0,spot,trx,2022-08-15 00:50:46,2022,0
89464972,1660524655000.0,60094727,0.0706,337.147,polo,trx-usdt,23.8025782,0.0,spot,trx,2022-08-15 00:50:55,2022,0
89464973,1660524655000.0,60094728,0.0706,7779.643,polo,trx-usdt,549.2427958,0.0,spot,trx,2022-08-15 00:50:55,2022,0
89464974,1660524664000.0,60094729,0.07053,577.88,polo,trx-usdt,40.757876399999994,0.0,spot,trx,2022-08-15 00:51:04,2022,0
89464975,1660524673000.0,60094730,0.0705,591.9240000000001,polo,trx-usdt,41.730642,0.0,spot,trx,2022-08-15 00:51:13,2022,0
89464976,1660524682000.0,60094731,0.07056,16099.489000000001,polo,trx-usdt,1135.97994384,0.0,spot,trx,2022-08-15 00:51:22,2022,0
89464977,1660524690000.0,60094732,0.07059,5269.086,polo,trx-usdt,371.94478074,0.0,spot,trx,2022-08-15 00:51:30,2022,0
89464978,1660524717000.0,60094733,0.07065,4349.37,polo,trx-usdt,307.28299050000004,0.0,spot,trx,2022-08-15 00:51:57,2022,0
89464979,1660524728000.0,60094734,0.07053,46.88,polo,trx-usdt,3.3064464,0.0,spot,trx,2022-08-15 00:52:08,2022,0
89464980,1660524755000.0,60094735,0.07056,22.747999999999998,polo,trx-usdt,1.6050988799999997,0.0,spot,trx,2022-08-15 00:52:35,2022,0
89464981,1660524797000.0,60094736,0.07065,30.638999999999996,polo,trx-usdt,2.16464535,0.0,spot,trx,2022-08-15 00:53:17,2022,0
89464982,1660524828000.0,60094737,0.07053,3189.3770000000004,polo,trx-usdt,224.94675981,0.0,spot,trx,2022-08-15 00:53:48,2022,0
89464983,1660525146000.0,60094738,0.07051,1663.9409999999998,polo,trx-usdt,117.32447991,0.0,spot,trx,2022-08-15 00:59:06,2022,0
89464984,1660525213000.0,60094739,0.07055,97.53699999999999,polo,trx-usdt,6.88123535,0.0,spot,trx,2022-08-15 01:00:13,2022,1
89464985,1660525217000.0,60094740,0.07055,2441.627,polo,trx-usdt,172.25678485,0.0,spot,trx,2022-08-15 01:00:17,2022,1
89464986,1660525226000.0,60094741,0.07056,893.519,polo,trx-usdt,63.04670064,0.0,spot,trx,2022-08-15 01:00:26,2022,1
89464987,1660525240000.0,60094742,0.07057,1423.4530000000002,polo,trx-usdt,100.45307821,0.0,spot,trx,2022-08-15 01:00:40,2022,1
89464988,1660525250000.0,60094743,0.07059,54.789,polo,trx-usdt,3.8675555100000003,0.0,spot,trx,2022-08-15 01:00:50,2022,1
89464989,1660525250000.0,60094744,0.07059,44.838,polo,trx-usdt,3.16511442,0.0,spot,trx,2022-08-15 01:00:50,2022,1
89464990,1660525267000.0,60094745,0.07069,513.495,polo,trx-usdt,36.29896155,0.0,spot,trx,2022-08-15 01:01:07,2022,1
89464991,1660525307000.0,60094746,0.07058,702.24,polo,trx-usdt,49.5640992,0.0,spot,trx,2022-08-15 01:01:47,2022,1
89464992,1660525307000.0,60094747,0.07058,704.6379999999999,polo,trx-usdt,49.73335004,0.0,spot,trx,2022-08-15 01:01:47,2022,1
89464993,1660525307000.0,60094748,0.07058,5111.267999999999,polo,trx-usdt,360.75329543999993,0.0,spot,trx,2022-08-15 01:01:47,2022,1
89464994,1660525321000.0,60094749,0.07062,59.492000000000004,polo,trx-usdt,4.20132504,0.0,spot,trx,2022-08-15 01:02:01,2022,1
89464995,1660525346000.0,60094750,0.07066,68.39999999999999,polo,trx-usdt,4.833143999999999,0.0,spot,trx,2022-08-15 01:02:26,2022,1
89464996,1660525351000.0,60094751,0.07056,248.861,polo,trx-usdt,17.55963216,0.0,spot,trx,2022-08-15 01:02:31,2022,1
89464997,1660525441000.0,60094752,0.07058,195.464,polo,trx-usdt,13.795849120000002,0.0,spot,trx,2022-08-15 01:04:01,2022,1
89464998,1660525455000.0,60094753,0.07057,361.75100000000003,polo,trx-usdt,25.52876807,0.0,spot,trx,2022-08-15 01:04:15,2022,1
89464999,1660525470000.0,60094754,0.07057,602.116,polo,trx-usdt,42.49132612,0.0,spot,trx,2022-08-15 01:04:30,2022,1
89465000,1660525478000.0,60094755,0.07058,448.90899999999993,polo,trx-usdt,31.68399722,0.0,spot,trx,2022-08-15 01:04:38,2022,1
89465001,1660525485000.0,60094756,0.07057,11028.711000000001,polo,trx-usdt,778.29613527,0.0,spot,trx,2022-08-15 01:04:45,2022,1
89465002,1660525493000.0,60094757,0.07054,3925.614,polo,trx-usdt,276.91281156,0.0,spot,trx,2022-08-15 01:04:53,2022,1
89465003,1660525508000.0,60094758,0.07058,357.14099999999996,polo,trx-usdt,25.20701178,0.0,spot,trx,2022-08-15 01:05:08,2022,1
89465004,1660525515000.0,60094759,0.07062,7319.061000000001,polo,trx-usdt,516.87208782,0.0,spot,trx,2022-08-15 01:05:15,2022,1
89465005,1660525522000.0,60094760,0.0706,8858.442000000001,polo,trx-usdt,625.4060052,0.0,spot,trx,2022-08-15 01:05:22,2022,1
89465006,1660525530000.0,60094761,0.07061,11507.036,polo,trx-usdt,812.51181196,0.0,spot,trx,2022-08-15 01:05:30,2022,1
89465007,1660525531000.0,60094762,0.07057,185.44800000000004,polo,trx-usdt,13.087065360000002,0.0,spot,trx,2022-08-15 01:05:31,2022,1
89465008,1660525537000.0,60094763,0.07059,9815.095,polo,trx-usdt,692.84755605,0.0,spot,trx,2022-08-15 01:05:37,2022,1
89465009,1660525545000.0,60094764,0.07058,124.266,polo,trx-usdt,8.77069428,0.0,spot,trx,2022-08-15 01:05:45,2022,1
89465010,1660525560000.0,60094765,0.0706,9492.992,polo,trx-usdt,670.2052352,0.0,spot,trx,2022-08-15 01:06:00,2022,1
89465011,1660525568000.0,60094766,0.07058,539.583,polo,trx-usdt,38.08376814,0.0,spot,trx,2022-08-15 01:06:08,2022,1
89465012,1660525568000.0,60094767,0.07058,6.420999999999999,polo,trx-usdt,0.45319418,0.0,spot,trx,2022-08-15 01:06:08,2022,1
89465013,1660525582000.0,60094768,0.07059,2906.515,polo,trx-usdt,205.17089385,0.0,spot,trx,2022-08-15 01:06:22,2022,1
89465014,1660525583000.0,60094769,0.07059,88.132,polo,trx-usdt,6.22123788,0.0,spot,trx,2022-08-15 01:06:23,2022,1
89465015,1660525597000.0,60094770,0.07058,103.22,polo,trx-usdt,7.2852676,0.0,spot,trx,2022-08-15 01:06:37,2022,1
89465016,1660525605000.0,60094771,0.0706,9897.197,polo,trx-usdt,698.7421082,0.0,spot,trx,2022-08-15 01:06:45,2022,1
89465017,1660525605000.0,60094772,0.0706,107.406,polo,trx-usdt,7.5828636,0.0,spot,trx,2022-08-15 01:06:45,2022,1
89465018,1660525624000.0,60094773,0.0706,0.001,polo,trx-usdt,7.06e-05,0.0,spot,trx,2022-08-15 01:07:04,2022,1
89465019,1660525624000.0,60094774,0.07057,494.29200000000003,polo,trx-usdt,34.88218644,0.0,spot,trx,2022-08-15 01:07:04,2022,1
89465020,1660525648000.0,60094775,0.07057,480.74500000000006,polo,trx-usdt,33.92617465,0.0,spot,trx,2022-08-15 01:07:28,2022,1
89465021,1660525850000.0,60094776,0.07059,2982.758,polo,trx-usdt,210.55288721999997,0.0,spot,trx,2022-08-15 01:10:50,2022,1
89465022,1660525865000.0,60094777,0.07058,367.03099999999995,polo,trx-usdt,25.90504798,0.0,spot,trx,2022-08-15 01:11:05,2022,1
89465023,1660525887000.0,60094778,0.07059,8978.907000000001,polo,trx-usdt,633.8210451300001,0.0,spot,trx,2022-08-15 01:11:27,2022,1
89465024,1660525894000.0,60094779,0.07057,121.59800000000001,polo,trx-usdt,8.58117086,0.0,spot,trx,2022-08-15 01:11:34,2022,1
89465025,1660525902000.0,60094780,0.07058,545.119,polo,trx-usdt,38.47449902,0.0,spot,trx,2022-08-15 01:11:42,2022,1
89465026,1660525902000.0,60094781,0.07058,3499.3329999999996,polo,trx-usdt,246.98292314,0.0,spot,trx,2022-08-15 01:11:42,2022,1
89465027,1660525902000.0,60094782,0.07058,543.6899999999999,polo,trx-usdt,38.3736402,0.0,spot,trx,2022-08-15 01:11:42,2022,1
89465028,1660525916000.0,60094783,0.07058,406.915,polo,trx-usdt,28.720060700000005,0.0,spot,trx,2022-08-15 01:11:56,2022,1
89465029,1660525931000.0,60094784,0.07058,330.569,polo,trx-usdt,23.33156002,0.0,spot,trx,2022-08-15 01:12:11,2022,1
89465030,1660525933000.0,60094785,0.07058,6.231,polo,trx-usdt,0.43978398,0.0,spot,trx,2022-08-15 01:12:13,2022,1
89465031,1660525933000.0,60094786,0.07057,888.2,polo,trx-usdt,62.680274,0.0,spot,trx,2022-08-15 01:12:13,2022,1
89465032,1660525939000.0,60094787,0.07058,247.95,polo,trx-usdt,17.500311,0.0,spot,trx,2022-08-15 01:12:19,2022,1
89465033,1660525950000.0,60094788,0.07057,494.403,polo,trx-usdt,34.89001971,0.0,spot,trx,2022-08-15 01:12:30,2022,1
89465034,1660525953000.0,60094789,0.07058,492.06199999999995,polo,trx-usdt,34.72973596,0.0,spot,trx,2022-08-15 01:12:33,2022,1
89465035,1660525969000.0,60094790,0.07058,469.71099999999996,polo,trx-usdt,33.15220238,0.0,spot,trx,2022-08-15 01:12:49,2022,1
89465036,1660525983000.0,60094791,0.07058,141.561,polo,trx-usdt,9.991375380000001,0.0,spot,trx,2022-08-15 01:13:03,2022,1
89465037,1660525998000.0,60094792,0.07058,549.4979999999999,polo,trx-usdt,38.78356884,0.0,spot,trx,2022-08-15 01:13:18,2022,1
89465038,1660526001000.0,60094793,0.07057,0.001,polo,trx-usdt,7.057e-05,0.0,spot,trx,2022-08-15 01:13:21,2022,1
89465039,1660526028000.0,60094794,0.0704,1523.154,polo,trx-usdt,107.2300416,0.0,spot,trx,2022-08-15 01:13:48,2022,1
89465040,1660526028000.0,60094795,0.0704,1518.492,polo,trx-usdt,106.9018368,0.0,spot,trx,2022-08-15 01:13:48,2022,1
89465041,1660526043000.0,60094796,0.07036,10464.335,polo,trx-usdt,736.2706106,0.0,spot,trx,2022-08-15 01:14:03,2022,1
89465042,1660526045000.0,60094797,0.07036,144.99999999999997,polo,trx-usdt,10.2022,0.0,spot,trx,2022-08-15 01:14:05,2022,1
89465043,1660526050000.0,60094798,0.07042,8289.051,polo,trx-usdt,583.71497142,0.0,spot,trx,2022-08-15 01:14:10,2022,1
89465044,1660526051000.0,60094799,0.07042,51.618,polo,trx-usdt,3.63493956,0.0,spot,trx,2022-08-15 01:14:11,2022,1
89465045,1660526073000.0,60094800,0.07037,8929.339,polo,trx-usdt,628.35758543,0.0,spot,trx,2022-08-15 01:14:33,2022,1
89465046,1660526080000.0,60094801,0.07041,3610.988,polo,trx-usdt,254.24966508,0.0,spot,trx,2022-08-15 01:14:40,2022,1
89465047,1660526092000.0,60094802,0.07037,9288.469000000001,polo,trx-usdt,653.62956353,0.0,spot,trx,2022-08-15 01:14:52,2022,1
89465048,1660526163000.0,60094803,0.0704,757.04,polo,trx-usdt,53.295616,0.0,spot,trx,2022-08-15 01:16:03,2022,1
89465049,1660526163000.0,60094804,0.0704,25.232,polo,trx-usdt,1.7763328,0.0,spot,trx,2022-08-15 01:16:03,2022,1
89465050,1660526174000.0,60094805,0.07039,6767.857000000001,polo,trx-usdt,476.38945423,0.0,spot,trx,2022-08-15 01:16:14,2022,1
89465051,1660526231000.0,60094806,0.07029,9035.742999999999,polo,trx-usdt,635.12237547,0.0,spot,trx,2022-08-15 01:17:11,2022,1
89465052,1660526240000.0,60094807,0.07037,29.759,polo,trx-usdt,2.09414083,0.0,spot,trx,2022-08-15 01:17:20,2022,1
89465053,1660526343000.0,60094808,0.07032,9064.862000000001,polo,trx-usdt,637.44109584,0.0,spot,trx,2022-08-15 01:19:03,2022,1
89465054,1660526350000.0,60094809,0.07032,10542.682,polo,trx-usdt,741.36139824,0.0,spot,trx,2022-08-15 01:19:10,2022,1
89465055,1660526357000.0,60094810,0.0703,70.28,polo,trx-usdt,4.940684,0.0,spot,trx,2022-08-15 01:19:17,2022,1
89465056,1660526357000.0,60094811,0.0703,3593.745,polo,trx-usdt,252.6402735,0.0,spot,trx,2022-08-15 01:19:17,2022,1
89465057,1660526372000.0,60094812,0.07036,375.35299999999995,polo,trx-usdt,26.40983708,0.0,spot,trx,2022-08-15 01:19:32,2022,1
89465058,1660526386000.0,60094813,0.07038,473.39300000000003,polo,trx-usdt,33.31739934,0.0,spot,trx,2022-08-15 01:19:46,2022,1
89465059,1660526386000.0,60094814,0.07038,0.261,polo,trx-usdt,0.01836918,0.0,spot,trx,2022-08-15 01:19:46,2022,1
89465060,1660526498000.0,60094815,0.07041,1171.911,polo,trx-usdt,82.51425351,0.0,spot,trx,2022-08-15 01:21:38,2022,1
89465061,1660526515000.0,60094816,0.07054,1064.5569999999998,polo,trx-usdt,75.09385078,0.0,spot,trx,2022-08-15 01:21:55,2022,1
89465062,1660526521000.0,60094817,0.07056,1057.665,polo,trx-usdt,74.6288424,0.0,spot,trx,2022-08-15 01:22:01,2022,1
89465063,1660526616000.0,60094818,0.07041,3242.923,polo,trx-usdt,228.33420843,0.0,spot,trx,2022-08-15 01:23:36,2022,1
89465064,1660526637000.0,60094819,0.07041,9538.788,polo,trx-usdt,671.62606308,0.0,spot,trx,2022-08-15 01:23:57,2022,1
89465065,1660526644000.0,60094820,0.07036,3341.0299999999997,polo,trx-usdt,235.0748708,0.0,spot,trx,2022-08-15 01:24:04,2022,1
89465066,1660526644000.0,60094821,0.07036,0.0009999999999999998,polo,trx-usdt,7.036e-05,0.0,spot,trx,2022-08-15 01:24:04,2022,1
89465067,1660526689000.0,60094822,0.07041,845.394,polo,trx-usdt,59.524191540000004,0.0,spot,trx,2022-08-15 01:24:49,2022,1
89465068,1660526745000.0,60094823,0.07041,22.203,polo,trx-usdt,1.5633132299999999,0.0,spot,trx,2022-08-15 01:25:45,2022,1
89465069,1660526756000.0,60094824,0.07041,61.107,polo,trx-usdt,4.30254387,0.0,spot,trx,2022-08-15 01:25:56,2022,1
89465070,1660526779000.0,60094825,0.0704,56.684,polo,trx-usdt,3.9905536,0.0,spot,trx,2022-08-15 01:26:19,2022,1
89465071,1660526849000.0,60094826,0.0704,1417.212,polo,trx-usdt,99.7717248,0.0,spot,trx,2022-08-15 01:27:29,2022,1
89465072,1660527060000.0,60094827,0.07027,81.25,polo,trx-usdt,5.7094375,0.0,spot,trx,2022-08-15 01:31:00,2022,1
89465073,1660527103000.0,60094828,0.07041,3579.348,polo,trx-usdt,252.02189268,0.0,spot,trx,2022-08-15 01:31:43,2022,1
89465074,1660527104000.0,60094829,0.07039,140.024,polo,trx-usdt,9.85628936,0.0,spot,trx,2022-08-15 01:31:44,2022,1
89465075,1660527252000.0,60094830,0.07045,3077.119,polo,trx-usdt,216.78303355,0.0,spot,trx,2022-08-15 01:34:12,2022,1
89465076,1660527253000.0,60094831,0.07045,145.141,polo,trx-usdt,10.22518345,0.0,spot,trx,2022-08-15 01:34:13,2022,1
89465077,1660527305000.0,60094832,0.07046,81.828,polo,trx-usdt,5.76560088,0.0,spot,trx,2022-08-15 01:35:05,2022,1
89465078,1660527322000.0,60094833,0.07046,1817.8470000000002,polo,trx-usdt,128.08549962,0.0,spot,trx,2022-08-15 01:35:22,2022,1
89465079,1660527356000.0,60094834,0.07046,25.517,polo,trx-usdt,1.7979278199999997,0.0,spot,trx,2022-08-15 01:35:56,2022,1
89465080,1660527367000.0,60094835,0.07046,1880.4820000000002,polo,trx-usdt,132.49876172,0.0,spot,trx,2022-08-15 01:36:07,2022,1
89465081,1660527573000.0,60094836,0.07044,5251.878,polo,trx-usdt,369.94228632,0.0,spot,trx,2022-08-15 01:39:33,2022,1
89465082,1660527580000.0,60094837,0.07048,10296.736,polo,trx-usdt,725.71395328,0.0,spot,trx,2022-08-15 01:39:40,2022,1
89465083,1660527580000.0,60094838,0.07048,54.911,polo,trx-usdt,3.87012728,0.0,spot,trx,2022-08-15 01:39:40,2022,1
89465084,1660527587000.0,60094839,0.07052,10620.122000000001,polo,trx-usdt,748.93100344,0.0,spot,trx,2022-08-15 01:39:47,2022,1
89465085,1660527595000.0,60094840,0.07045,3456.766,polo,trx-usdt,243.5291647,0.0,spot,trx,2022-08-15 01:39:55,2022,1
89465086,1660527603000.0,60094841,0.07056,10161.957,polo,trx-usdt,717.02768592,0.0,spot,trx,2022-08-15 01:40:03,2022,1
89465087,1660527605000.0,60094842,0.07056,341.615,polo,trx-usdt,24.1043544,0.0,spot,trx,2022-08-15 01:40:05,2022,1
89465088,1660527605000.0,60094843,0.07056,0.001,polo,trx-usdt,7.056e-05,0.0,spot,trx,2022-08-15 01:40:05,2022,1
89465089,1660527610000.0,60094844,0.07047,4330.2699999999995,polo,trx-usdt,305.1541269,0.0,spot,trx,2022-08-15 01:40:10,2022,1
89465090,1660527617000.0,60094845,0.07047,37.101,polo,trx-usdt,2.61450747,0.0,spot,trx,2022-08-15 01:40:17,2022,1
89465091,1660527633000.0,60094846,0.07045,1086.459,polo,trx-usdt,76.54103655,0.0,spot,trx,2022-08-15 01:40:33,2022,1
89465092,1660527643000.0,60094847,0.07045,86.675,polo,trx-usdt,6.10625375,0.0,spot,trx,2022-08-15 01:40:43,2022,1
89465093,1660527656000.0,60094848,0.07045,1253.758,polo,trx-usdt,88.3272511,0.0,spot,trx,2022-08-15 01:40:56,2022,1
89465094,1660527683000.0,60094849,0.07049,14.186,polo,trx-usdt,0.99997114,0.0,spot,trx,2022-08-15 01:41:23,2022,1
89465095,1660527709000.0,60094850,0.07049,5132.254000000001,polo,trx-usdt,361.77258446,0.0,spot,trx,2022-08-15 01:41:49,2022,1
89465096,1660527723000.0,60094851,0.07048,9001.301000000001,polo,trx-usdt,634.41169448,0.0,spot,trx,2022-08-15 01:42:03,2022,1
89465097,1660527731000.0,60094852,0.07042,8519.761,polo,trx-usdt,599.96156962,0.0,spot,trx,2022-08-15 01:42:11,2022,1
89465098,1660527731000.0,60094853,0.07042,30.825000000000003,polo,trx-usdt,2.1706965,0.0,spot,trx,2022-08-15 01:42:11,2022,1
89465099,1660527738000.0,60094854,0.07043,4677.344,polo,trx-usdt,329.42533792000006,0.0,spot,trx,2022-08-15 01:42:18,2022,1
89465100,1660527741000.0,60094855,0.07046,36.529,polo,trx-usdt,2.57383334,0.0,spot,trx,2022-08-15 01:42:21,2022,1
89465101,1660527743000.0,60094856,0.07056,341.61400000000003,polo,trx-usdt,24.10428384,0.0,spot,trx,2022-08-15 01:42:23,2022,1
89465102,1660527745000.0,60094857,0.0706,11180.926000000001,polo,trx-usdt,789.3733756,0.0,spot,trx,2022-08-15 01:42:25,2022,1
89465103,1660527752000.0,60094858,0.07048,30.234999999999996,polo,trx-usdt,2.1309628,0.0,spot,trx,2022-08-15 01:42:32,2022,1
89465104,1660527752000.0,60094859,0.07048,7560.954000000001,polo,trx-usdt,532.89603792,0.0,spot,trx,2022-08-15 01:42:32,2022,1
89465105,1660527753000.0,60094860,0.07048,11.2,polo,trx-usdt,0.789376,0.0,spot,trx,2022-08-15 01:42:33,2022,1
89465106,1660527760000.0,60094861,0.07054,9615.732999999998,polo,trx-usdt,678.29380582,0.0,spot,trx,2022-08-15 01:42:40,2022,1
89465107,1660527760000.0,60094862,0.07054,45.467,polo,trx-usdt,3.20724218,0.0,spot,trx,2022-08-15 01:42:40,2022,1
89465108,1660527774000.0,60094863,0.07056,11869.754,polo,trx-usdt,837.52984224,0.0,spot,trx,2022-08-15 01:42:54,2022,1
89465109,1660527776000.0,60094864,0.07056,100.11600000000001,polo,trx-usdt,7.06418496,0.0,spot,trx,2022-08-15 01:42:56,2022,1
89465110,1660527781000.0,60094865,0.07057,9940.759000000002,polo,trx-usdt,701.51936263,0.0,spot,trx,2022-08-15 01:43:01,2022,1
89465111,1660527782000.0,60094866,0.07057,111.44500000000001,polo,trx-usdt,7.864673649999999,0.0,spot,trx,2022-08-15 01:43:02,2022,1
89465112,1660527857000.0,60094867,0.07041,28.336,polo,trx-usdt,1.99513776,0.0,spot,trx,2022-08-15 01:44:17,2022,1
89465113,1660527878000.0,60094868,0.07044,526.231,polo,trx-usdt,37.06771164,0.0,spot,trx,2022-08-15 01:44:38,2022,1
89465114,1660527899000.0,60094869,0.07053,21.919,polo,trx-usdt,1.54594707,0.0,spot,trx,2022-08-15 01:44:59,2022,1
89465115,1660527905000.0,60094870,0.07051,2676.665,polo,trx-usdt,188.73164915,0.0,spot,trx,2022-08-15 01:45:05,2022,1
89465116,1660527917000.0,60094871,0.07051,1544.705,polo,trx-usdt,108.91714955,0.0,spot,trx,2022-08-15 01:45:17,2022,1
89465117,1660528178000.0,60094872,0.07077,1239.576,polo,trx-usdt,87.72479352,0.0,spot,trx,2022-08-15 01:49:38,2022,1
89465118,1660528204000.0,60094873,0.07062,3093.556,polo,trx-usdt,218.46692472,0.0,spot,trx,2022-08-15 01:50:04,2022,1
89465119,1660528228000.0,60094874,0.07063,244.168,polo,trx-usdt,17.24558584,0.0,spot,trx,2022-08-15 01:50:28,2022,1
89465120,1660528237000.0,60094875,0.07068,4853.852,polo,trx-usdt,343.07025936,0.0,spot,trx,2022-08-15 01:50:37,2022,1
89465121,1660528237000.0,60094876,0.07068,15.597999999999999,polo,trx-usdt,1.10246664,0.0,spot,trx,2022-08-15 01:50:37,2022,1
89465122,1660528237000.0,60094877,0.07066,246.48799999999997,polo,trx-usdt,17.41684208,0.0,spot,trx,2022-08-15 01:50:37,2022,1
89465123,1660528246000.0,60094878,0.07063,3130.92,polo,trx-usdt,221.1368796,0.0,spot,trx,2022-08-15 01:50:46,2022,1
89465124,1660528246000.0,60094879,0.07063,134.108,polo,trx-usdt,9.47204804,0.0,spot,trx,2022-08-15 01:50:46,2022,1
89465125,1660528250000.0,60094880,0.07063,272.55,polo,trx-usdt,19.2502065,0.0,spot,trx,2022-08-15 01:50:50,2022,1
89465126,1660528265000.0,60094881,0.07063,31.637,polo,trx-usdt,2.23452131,0.0,spot,trx,2022-08-15 01:51:05,2022,1
89465127,1660528270000.0,60094882,0.07063,1166.917,polo,trx-usdt,82.41934771,0.0,spot,trx,2022-08-15 01:51:10,2022,1
89465128,1660528300000.0,60094883,0.07065,21.750999999999998,polo,trx-usdt,1.53670815,0.0,spot,trx,2022-08-15 01:51:40,2022,1
89465129,1660528305000.0,60094884,0.07065,890.1329999999999,polo,trx-usdt,62.88789645,0.0,spot,trx,2022-08-15 01:51:45,2022,1
89465130,1660528305000.0,60094885,0.07065,893.387,polo,trx-usdt,63.11779155,0.0,spot,trx,2022-08-15 01:51:45,2022,1
89465131,1660528308000.0,60094886,0.07062,250.679,polo,trx-usdt,17.70295098,0.0,spot,trx,2022-08-15 01:51:48,2022,1
89465132,1660528311000.0,60094887,0.07062,851.538,polo,trx-usdt,60.13561356,0.0,spot,trx,2022-08-15 01:51:51,2022,1
89465133,1660528312000.0,60094888,0.07067,17.875,polo,trx-usdt,1.26322625,0.0,spot,trx,2022-08-15 01:51:52,2022,1
89465134,1660528316000.0,60094889,0.07066,137.246,polo,trx-usdt,9.69780236,0.0,spot,trx,2022-08-15 01:51:56,2022,1
89465135,1660528316000.0,60094890,0.07061,113.986,polo,trx-usdt,8.04855146,0.0,spot,trx,2022-08-15 01:51:56,2022,1
89465136,1660528316000.0,60094891,0.07062,706.194,polo,trx-usdt,49.871420279999995,0.0,spot,trx,2022-08-15 01:51:56,2022,1
89465137,1660528317000.0,60094892,0.07062,708.776,polo,trx-usdt,50.05376112,0.0,spot,trx,2022-08-15 01:51:57,2022,1
89465138,1660528318000.0,60094893,0.07062,1369.524,polo,trx-usdt,96.71578488,0.0,spot,trx,2022-08-15 01:51:58,2022,1
89465139,1660528322000.0,60094894,0.07062,16.750999999999998,polo,trx-usdt,1.1829556199999998,0.0,spot,trx,2022-08-15 01:52:02,2022,1
89465140,1660528323000.0,60094895,0.07073,14.292,polo,trx-usdt,1.01087316,0.0,spot,trx,2022-08-15 01:52:03,2022,1
89465141,1660528328000.0,60094896,0.07062,1143.992,polo,trx-usdt,80.78871504,0.0,spot,trx,2022-08-15 01:52:08,2022,1
89465142,1660528413000.0,60094897,0.07073,263.834,polo,trx-usdt,18.66097882,0.0,spot,trx,2022-08-15 01:53:33,2022,1
89465143,1660528425000.0,60094898,0.07065,192.661,polo,trx-usdt,13.61149965,0.0,spot,trx,2022-08-15 01:53:45,2022,1
89465144,1660528432000.0,60094899,0.07063,268.34000000000003,polo,trx-usdt,18.9528542,0.0,spot,trx,2022-08-15 01:53:52,2022,1
89465145,1660528440000.0,60094900,0.07065,167.825,polo,trx-usdt,11.85683625,0.0,spot,trx,2022-08-15 01:54:00,2022,1
89465146,1660528463000.0,60094901,0.07064,236.01300000000003,polo,trx-usdt,16.67195832,0.0,spot,trx,2022-08-15 01:54:23,2022,1
89465147,1660528536000.0,60094902,0.07067,132.96800000000002,polo,trx-usdt,9.39684856,0.0,spot,trx,2022-08-15 01:55:36,2022,1
89465148,1660528543000.0,60094903,0.07068,185.35,polo,trx-usdt,13.100538,0.0,spot,trx,2022-08-15 01:55:43,2022,1
89465149,1660528544000.0,60094904,0.07068,8742.289999999999,polo,trx-usdt,617.9050572,0.0,spot,trx,2022-08-15 01:55:44,2022,1
89465150,1660528544000.0,60094905,0.07068,184.28099999999998,polo,trx-usdt,13.02498108,0.0,spot,trx,2022-08-15 01:55:44,2022,1
89465151,1660528551000.0,60094906,0.07062,230.58200000000002,polo,trx-usdt,16.28370084,0.0,spot,trx,2022-08-15 01:55:51,2022,1
89465152,1660528551000.0,60094907,0.07062,10538.202,polo,trx-usdt,744.2078252399999,0.0,spot,trx,2022-08-15 01:55:51,2022,1
89465153,1660528551000.0,60094908,0.07062,226.868,polo,trx-usdt,16.02141816,0.0,spot,trx,2022-08-15 01:55:51,2022,1
89465154,1660528559000.0,60094909,0.07066,3810.616,polo,trx-usdt,269.25812656,0.0,spot,trx,2022-08-15 01:55:59,2022,1
89465155,1660528559000.0,60094910,0.07066,43.861,polo,trx-usdt,3.09921826,0.0,spot,trx,2022-08-15 01:55:59,2022,1
89465156,1660528559000.0,60094911,0.07066,193.775,polo,trx-usdt,13.6921415,0.0,spot,trx,2022-08-15 01:55:59,2022,1
89465157,1660528566000.0,60094912,0.07068,11277.233,polo,trx-usdt,797.07482844,0.0,spot,trx,2022-08-15 01:56:06,2022,1
89465158,1660528566000.0,60094913,0.07068,177.62099999999998,polo,trx-usdt,12.55425228,0.0,spot,trx,2022-08-15 01:56:06,2022,1
89465159,1660528574000.0,60094914,0.07062,11584.39,polo,trx-usdt,818.0896218,0.0,spot,trx,2022-08-15 01:56:14,2022,1
89465160,1660528576000.0,60094915,0.07072,534.3639999999999,polo,trx-usdt,37.79022208,0.0,spot,trx,2022-08-15 01:56:16,2022,1
89465161,1660528691000.0,60094916,0.0707,269.337,polo,trx-usdt,19.0421259,0.0,spot,trx,2022-08-15 01:58:11,2022,1
89465162,1660528698000.0,60094917,0.07069,215.003,polo,trx-usdt,15.19856207,0.0,spot,trx,2022-08-15 01:58:18,2022,1
89465163,1660528706000.0,60094918,0.07068,195.99699999999999,polo,trx-usdt,13.85306796,0.0,spot,trx,2022-08-15 01:58:26,2022,1
89465164,1660528713000.0,60094919,0.07071,252.42900000000003,polo,trx-usdt,17.84925459,0.0,spot,trx,2022-08-15 01:58:33,2022,1
89465165,1660528720000.0,60094920,0.07072,196.55899999999997,polo,trx-usdt,13.900652479999998,0.0,spot,trx,2022-08-15 01:58:40,2022,1
89465166,1660528743000.0,60094921,0.07069,84.322,polo,trx-usdt,5.96072218,0.0,spot,trx,2022-08-15 01:59:03,2022,1
89465167,1660528743000.0,60094922,0.07065,5341.539,polo,trx-usdt,377.37973035,0.0,spot,trx,2022-08-15 01:59:03,2022,1
89465168,1660528749000.0,60094923,0.07062,3017.013,polo,trx-usdt,213.06145806,0.0,spot,trx,2022-08-15 01:59:09,2022,1
89465169,1660528757000.0,60094924,0.07068,119.29799999999997,polo,trx-usdt,8.43198264,0.0,spot,trx,2022-08-15 01:59:17,2022,1
89465170,1660528765000.0,60094925,0.07071,6065.043,polo,trx-usdt,428.8591905299999,0.0,spot,trx,2022-08-15 01:59:25,2022,1
89465171,1660528765000.0,60094926,0.07071,88.13400000000001,polo,trx-usdt,6.23195514,0.0,spot,trx,2022-08-15 01:59:25,2022,1
89465172,1660528765000.0,60094927,0.07078,411.326,polo,trx-usdt,29.11365428,0.0,spot,trx,2022-08-15 01:59:25,2022,1
89465173,1660528765000.0,60094928,0.07078,410.42600000000004,polo,trx-usdt,29.049952280000003,0.0,spot,trx,2022-08-15 01:59:25,2022,1
89465174,1660528771000.0,60094929,0.07079,29.826999999999995,polo,trx-usdt,2.11145333,0.0,spot,trx,2022-08-15 01:59:31,2022,1
89465175,1660528771000.0,60094930,0.07082,991.914,polo,trx-usdt,70.24734948,0.0,spot,trx,2022-08-15 01:59:31,2022,1
89465176,1660528773000.0,60094931,0.07074,1509.013,polo,trx-usdt,106.74757962,0.0,spot,trx,2022-08-15 01:59:33,2022,1
89465177,1660528780000.0,60094932,0.07066,134.55599999999998,polo,trx-usdt,9.50772696,0.0,spot,trx,2022-08-15 01:59:40,2022,1
89465178,1660528787000.0,60094933,0.07075,228.05300000000003,polo,trx-usdt,16.13474975,0.0,spot,trx,2022-08-15 01:59:47,2022,1
89465179,1660528787000.0,60094934,0.07075,1635.5300000000002,polo,trx-usdt,115.7137475,0.0,spot,trx,2022-08-15 01:59:47,2022,1
89465180,1660528817000.0,60094935,0.07075,15.060000000000002,polo,trx-usdt,1.065495,0.0,spot,trx,2022-08-15 02:00:17,2022,2
89465181,1660528833000.0,60094936,0.07069,258.147,polo,trx-usdt,18.24841143,0.0,spot,trx,2022-08-15 02:00:33,2022,2
89465182,1660528840000.0,60094937,0.07066,114.193,polo,trx-usdt,8.06887738,0.0,spot,trx,2022-08-15 02:00:40,2022,2
89465183,1660528847000.0,60094938,0.07065,62.248,polo,trx-usdt,4.3978212,0.0,spot,trx,2022-08-15 02:00:47,2022,2
89465184,1660528847000.0,60094939,0.07065,124.14899999999999,polo,trx-usdt,8.77112685,0.0,spot,trx,2022-08-15 02:00:47,2022,2
89465185,1660528855000.0,60094940,0.07068,202.779,polo,trx-usdt,14.33241972,0.0,spot,trx,2022-08-15 02:00:55,2022,2
89465186,1660528858000.0,60094941,0.07075,271.474,polo,trx-usdt,19.2067855,0.0,spot,trx,2022-08-15 02:00:58,2022,2
89465187,1660528858000.0,60094942,0.07075,271.596,polo,trx-usdt,19.215417,0.0,spot,trx,2022-08-15 02:00:58,2022,2
89465188,1660528862000.0,60094943,0.0707,233.575,polo,trx-usdt,16.5137525,0.0,spot,trx,2022-08-15 02:01:02,2022,2
89465189,1660528870000.0,60094944,0.07075,92.59700000000001,polo,trx-usdt,6.55123775,0.0,spot,trx,2022-08-15 02:01:10,2022,2
89465190,1660528880000.0,60094945,0.0707,2709.915,polo,trx-usdt,191.5909905,0.0,spot,trx,2022-08-15 02:01:20,2022,2
89465191,1660528890000.0,60094946,0.07071,166.19600000000003,polo,trx-usdt,11.75171916,0.0,spot,trx,2022-08-15 02:01:30,2022,2
89465192,1660528892000.0,60094947,0.07069,4506.5869999999995,polo,trx-usdt,318.57063503,0.0,spot,trx,2022-08-15 02:01:32,2022,2
89465193,1660528896000.0,60094948,0.07077,3237.5860000000002,polo,trx-usdt,229.12396122,0.0,spot,trx,2022-08-15 02:01:36,2022,2
89465194,1660528896000.0,60094949,0.07077,3245.138,polo,trx-usdt,229.65841626,0.0,spot,trx,2022-08-15 02:01:36,2022,2
89465195,1660528900000.0,60094950,0.07071,1792.5220000000002,polo,trx-usdt,126.74923062,0.0,spot,trx,2022-08-15 02:01:40,2022,2
89465196,1660528945000.0,60094951,0.07069,121.802,polo,trx-usdt,8.61018338,0.0,spot,trx,2022-08-15 02:02:25,2022,2
89465197,1660528982000.0,60094952,0.07069,240.97699999999998,polo,trx-usdt,17.03466413,0.0,spot,trx,2022-08-15 02:03:02,2022,2
89465198,1660528993000.0,60094953,0.0707,36.697,polo,trx-usdt,2.5944779000000002,0.0,spot,trx,2022-08-15 02:03:13,2022,2
89465199,1660528999000.0,60094954,0.07064,4092.1990000000005,polo,trx-usdt,289.07293736,0.0,spot,trx,2022-08-15 02:03:19,2022,2
89465200,1660529002000.0,60094955,0.07064,4086.741,polo,trx-usdt,288.68738424,0.0,spot,trx,2022-08-15 02:03:22,2022,2
89465201,1660529093000.0,60094956,0.07063,4392.169,polo,trx-usdt,310.21889647,0.0,spot,trx,2022-08-15 02:04:53,2022,2
89465202,1660529100000.0,60094957,0.07065,238.22299999999998,polo,trx-usdt,16.83045495,0.0,spot,trx,2022-08-15 02:05:00,2022,2
89465203,1660529100000.0,60094958,0.07065,3163.6609999999996,polo,trx-usdt,223.51264965,0.0,spot,trx,2022-08-15 02:05:00,2022,2
89465204,1660529108000.0,60094959,0.07063,183.804,polo,trx-usdt,12.98207652,0.0,spot,trx,2022-08-15 02:05:08,2022,2
89465205,1660529131000.0,60094960,0.07065,642.5189999999999,polo,trx-usdt,45.39396735,0.0,spot,trx,2022-08-15 02:05:31,2022,2
89465206,1660529153000.0,60094961,0.07066,278.929,polo,trx-usdt,19.70912314,0.0,spot,trx,2022-08-15 02:05:53,2022,2
89465207,1660529168000.0,60094962,0.07066,461.77099999999996,polo,trx-usdt,32.62873886,0.0,spot,trx,2022-08-15 02:06:08,2022,2
89465208,1660529182000.0,60094963,0.07067,577.6250000000001,polo,trx-usdt,40.82075875,0.0,spot,trx,2022-08-15 02:06:22,2022,2
89465209,1660529190000.0,60094964,0.07068,499.46999999999997,polo,trx-usdt,35.3025396,0.0,spot,trx,2022-08-15 02:06:30,2022,2
89465210,1660529204000.0,60094965,0.07067,824.9340000000001,polo,trx-usdt,58.29808578,0.0,spot,trx,2022-08-15 02:06:44,2022,2
89465211,1660529329000.0,60094966,0.07071,91.55000000000001,polo,trx-usdt,6.4735005,0.0,spot,trx,2022-08-15 02:08:49,2022,2
89465212,1660529337000.0,60094967,0.0707,482.30100000000004,polo,trx-usdt,34.0986807,0.0,spot,trx,2022-08-15 02:08:57,2022,2
89465213,1660529339000.0,60094968,0.0707,18.984,polo,trx-usdt,1.3421688,0.0,spot,trx,2022-08-15 02:08:59,2022,2
89465214,1660529352000.0,60094969,0.07071,683.5350000000001,polo,trx-usdt,48.33275985,0.0,spot,trx,2022-08-15 02:09:12,2022,2
89465215,1660529366000.0,60094970,0.07072,726.6879999999999,polo,trx-usdt,51.39137536,0.0,spot,trx,2022-08-15 02:09:26,2022,2
89465216,1660529381000.0,60094971,0.07071,1079.191,polo,trx-usdt,76.30959561,0.0,spot,trx,2022-08-15 02:09:41,2022,2
89465217,1660529384000.0,60094972,0.07071,27.506000000000004,polo,trx-usdt,1.9449492600000002,0.0,spot,trx,2022-08-15 02:09:44,2022,2
89465218,1660529384000.0,60094973,0.07071,2434.57,polo,trx-usdt,172.1484447,0.0,spot,trx,2022-08-15 02:09:44,2022,2
89465219,1660529396000.0,60094974,0.07071,569.201,polo,trx-usdt,40.24820271,0.0,spot,trx,2022-08-15 02:09:56,2022,2
89465220,1660529507000.0,60094975,0.07074,626.649,polo,trx-usdt,44.32915026,0.0,spot,trx,2022-08-15 02:11:47,2022,2
89465221,1660529522000.0,60094976,0.07074,958.085,polo,trx-usdt,67.7749329,0.0,spot,trx,2022-08-15 02:12:02,2022,2
89465222,1660529529000.0,60094977,0.07076,5935.026,polo,trx-usdt,419.96243976,0.0,spot,trx,2022-08-15 02:12:09,2022,2
89465223,1660529537000.0,60094978,0.07072,1003.165,polo,trx-usdt,70.9438288,0.0,spot,trx,2022-08-15 02:12:17,2022,2
89465224,1660529551000.0,60094979,0.07073,1048.843,polo,trx-usdt,74.18466539,0.0,spot,trx,2022-08-15 02:12:31,2022,2
89465225,1660529551000.0,60094980,0.07073,15.941,polo,trx-usdt,1.12750693,0.0,spot,trx,2022-08-15 02:12:31,2022,2
89465226,1660529559000.0,60094981,0.07072,88.62599999999999,polo,trx-usdt,6.26763072,0.0,spot,trx,2022-08-15 02:12:39,2022,2
89465227,1660529566000.0,60094982,0.07073,7207.804999999999,polo,trx-usdt,509.80804765,0.0,spot,trx,2022-08-15 02:12:46,2022,2
89465228,1660529573000.0,60094983,0.07073,1156.789,polo,trx-usdt,81.81968597,0.0,spot,trx,2022-08-15 02:12:53,2022,2
89465229,1660529581000.0,60094984,0.07073,1699.461,polo,trx-usdt,120.20287653,0.0,spot,trx,2022-08-15 02:13:01,2022,2
89465230,1660529588000.0,60094985,0.07074,1197.779,polo,trx-usdt,84.73088646,0.0,spot,trx,2022-08-15 02:13:08,2022,2
89465231,1660529588000.0,60094986,0.07074,14.751,polo,trx-usdt,1.04348574,0.0,spot,trx,2022-08-15 02:13:08,2022,2
89465232,1660529595000.0,60094987,0.07081,2548.9480000000003,polo,trx-usdt,180.49100788,0.0,spot,trx,2022-08-15 02:13:15,2022,2
89465233,1660529602000.0,60094988,0.07075,330.216,polo,trx-usdt,23.362782,0.0,spot,trx,2022-08-15 02:13:22,2022,2
89465234,1660529617000.0,60094989,0.07076,490.15299999999996,polo,trx-usdt,34.68322628,0.0,spot,trx,2022-08-15 02:13:37,2022,2
89465235,1660529624000.0,60094990,0.07077,780.304,polo,trx-usdt,55.22211408,0.0,spot,trx,2022-08-15 02:13:44,2022,2
89465236,1660529632000.0,60094991,0.07077,1256.183,polo,trx-usdt,88.90007091,0.0,spot,trx,2022-08-15 02:13:52,2022,2
89465237,1660529652000.0,60094992,0.07073,3113.773,polo,trx-usdt,220.23716429,0.0,spot,trx,2022-08-15 02:14:12,2022,2
89465238,1660529658000.0,60094993,0.07081,5590.334,polo,trx-usdt,395.85155053999995,0.0,spot,trx,2022-08-15 02:14:18,2022,2
89465239,1660529658000.0,60094994,0.07081,5573.865000000001,polo,trx-usdt,394.68538065,0.0,spot,trx,2022-08-15 02:14:18,2022,2
89465240,1660529664000.0,60094995,0.07073,18.663,polo,trx-usdt,1.32003399,0.0,spot,trx,2022-08-15 02:14:24,2022,2
89465241,1660529675000.0,60094996,0.07073,1882.067,polo,trx-usdt,133.11859891,0.0,spot,trx,2022-08-15 02:14:35,2022,2
89465242,1660529681000.0,60094997,0.07073,4537.244000000001,polo,trx-usdt,320.91926812,0.0,spot,trx,2022-08-15 02:14:41,2022,2
89465243,1660529681000.0,60094998,0.07073,637.028,polo,trx-usdt,45.05699044,0.0,spot,trx,2022-08-15 02:14:41,2022,2
89465244,1660529687000.0,60094999,0.07081,3366.4900000000002,polo,trx-usdt,238.3811569,0.0,spot,trx,2022-08-15 02:14:47,2022,2
89465245,1660529687000.0,60095000,0.07081,3355.4519999999998,polo,trx-usdt,237.59955612,0.0,spot,trx,2022-08-15 02:14:47,2022,2
89465246,1660529720000.0,60095001,0.07075,6986.228,polo,trx-usdt,494.275631,0.0,spot,trx,2022-08-15 02:15:20,2022,2
89465247,1660529722000.0,60095002,0.07076,46.28399999999999,polo,trx-usdt,3.2750558399999994,0.0,spot,trx,2022-08-15 02:15:22,2022,2
89465248,1660529727000.0,60095003,0.07076,34.366,polo,trx-usdt,2.43173816,0.0,spot,trx,2022-08-15 02:15:27,2022,2
89465249,1660529728000.0,60095004,0.07079,13849.669999999998,polo,trx-usdt,980.4181393,0.0,spot,trx,2022-08-15 02:15:28,2022,2
89465250,1660529735000.0,60095005,0.07077,2879.663,polo,trx-usdt,203.79375051,0.0,spot,trx,2022-08-15 02:15:35,2022,2
89465251,1660529750000.0,60095006,0.07076,3627.1339999999996,polo,trx-usdt,256.65600184,0.0,spot,trx,2022-08-15 02:15:50,2022,2
89465252,1660529750000.0,60095007,0.07076,2390.265,polo,trx-usdt,169.1351514,0.0,spot,trx,2022-08-15 02:15:50,2022,2
89465253,1660529757000.0,60095008,0.07075,4745.472000000001,polo,trx-usdt,335.742144,0.0,spot,trx,2022-08-15 02:15:57,2022,2
89465254,1660529764000.0,60095009,0.07074,7049.175,polo,trx-usdt,498.6586395,0.0,spot,trx,2022-08-15 02:16:04,2022,2
89465255,1660529764000.0,60095010,0.07074,5503.217000000001,polo,trx-usdt,389.29757058,0.0,spot,trx,2022-08-15 02:16:04,2022,2
89465256,1660529803000.0,60095011,0.07075,6230.0,polo,trx-usdt,440.7725,0.0,spot,trx,2022-08-15 02:16:43,2022,2
89465257,1660529950000.0,60095012,0.07075,14718.669,polo,trx-usdt,1041.34583175,0.0,spot,trx,2022-08-15 02:19:10,2022,2
89465258,1660529958000.0,60095013,0.07077,6045.74,polo,trx-usdt,427.8570198,0.0,spot,trx,2022-08-15 02:19:18,2022,2
89465259,1660529965000.0,60095014,0.07079,788.3299999999999,polo,trx-usdt,55.805880699999996,0.0,spot,trx,2022-08-15 02:19:25,2022,2
89465260,1660529965000.0,60095015,0.07079,10477.403999999999,polo,trx-usdt,741.69542916,0.0,spot,trx,2022-08-15 02:19:25,2022,2
89465261,1660529965000.0,60095016,0.07079,646.1189999999999,polo,trx-usdt,45.73876401,0.0,spot,trx,2022-08-15 02:19:25,2022,2
89465262,1660529966000.0,60095017,0.0708,100.0,polo,trx-usdt,7.08,0.0,spot,trx,2022-08-15 02:19:26,2022,2
89465263,1660529972000.0,60095018,0.07081,7985.401000000001,polo,trx-usdt,565.44624481,0.0,spot,trx,2022-08-15 02:19:32,2022,2
89465264,1660529978000.0,60095019,0.07081,29.160999999999998,polo,trx-usdt,2.06489041,0.0,spot,trx,2022-08-15 02:19:38,2022,2
89465265,1660529978000.0,60095020,0.07085,265.183,polo,trx-usdt,18.788215549999997,0.0,spot,trx,2022-08-15 02:19:38,2022,2
89465266,1660530013000.0,60095021,0.07086,679.502,polo,trx-usdt,48.14951172,0.0,spot,trx,2022-08-15 02:20:13,2022,2
89465267,1660530046000.0,60095022,0.07081,41231.165,polo,trx-usdt,2919.57879365,0.0,spot,trx,2022-08-15 02:20:46,2022,2
89465268,1660530053000.0,60095023,0.07078,46644.549,polo,trx-usdt,3301.50117822,0.0,spot,trx,2022-08-15 02:20:53,2022,2
89465269,1660530057000.0,60095024,0.07078,31.302,polo,trx-usdt,2.21555556,0.0,spot,trx,2022-08-15 02:20:57,2022,2
89465270,1660530060000.0,60095025,0.07077,27461.352000000003,polo,trx-usdt,1943.4398810400003,0.0,spot,trx,2022-08-15 02:21:00,2022,2
89465271,1660530063000.0,60095026,0.07077,573.011,polo,trx-usdt,40.55198847,0.0,spot,trx,2022-08-15 02:21:03,2022,2
89465272,1660530068000.0,60095027,0.07076,36623.307,polo,trx-usdt,2591.46520332,0.0,spot,trx,2022-08-15 02:21:08,2022,2
89465273,1660530083000.0,60095028,0.07075,48567.802,polo,trx-usdt,3436.1719915,0.0,spot,trx,2022-08-15 02:21:23,2022,2
89465274,1660530090000.0,60095029,0.07082,33117.088,polo,trx-usdt,2345.35217216,0.0,spot,trx,2022-08-15 02:21:30,2022,2
89465275,1660530095000.0,60095030,0.07082,750.597,polo,trx-usdt,53.15727954,0.0,spot,trx,2022-08-15 02:21:35,2022,2
89465276,1660530096000.0,60095032,0.07096,10743.228000000001,polo,trx-usdt,762.33945888,0.0,spot,trx,2022-08-15 02:21:36,2022,2
89465277,1660530146000.0,60095033,0.07085,2226.551,polo,trx-usdt,157.75113835,0.0,spot,trx,2022-08-15 02:22:26,2022,2
89465278,1660530147000.0,60095034,0.07085,2218.4400000000005,polo,trx-usdt,157.17647400000004,0.0,spot,trx,2022-08-15 02:22:27,2022,2
89465279,1660530150000.0,60095035,0.07086,120.985,polo,trx-usdt,8.5729971,0.0,spot,trx,2022-08-15 02:22:30,2022,2
89465280,1660530157000.0,60095036,0.07085,45816.50400000001,polo,trx-usdt,3246.0993084000006,0.0,spot,trx,2022-08-15 02:22:37,2022,2
89465281,1660530161000.0,60095037,0.07085,245.266,polo,trx-usdt,17.3770961,0.0,spot,trx,2022-08-15 02:22:41,2022,2
89465282,1660530161000.0,60095038,0.07087,99.999,polo,trx-usdt,7.08692913,0.0,spot,trx,2022-08-15 02:22:41,2022,2
89465283,1660530165000.0,60095039,0.07085,1176.1860000000001,polo,trx-usdt,83.33277810000001,0.0,spot,trx,2022-08-15 02:22:45,2022,2
89465284,1660530165000.0,60095040,0.07085,35302.431000000004,polo,trx-usdt,2501.1772363500004,0.0,spot,trx,2022-08-15 02:22:45,2022,2
89465285,1660530172000.0,60095041,0.07086,106.627,polo,trx-usdt,7.555589220000001,0.0,spot,trx,2022-08-15 02:22:52,2022,2
89465286,1660530194000.0,60095042,0.07084,119.06400000000001,polo,trx-usdt,8.43449376,0.0,spot,trx,2022-08-15 02:23:14,2022,2
89465287,1660530292000.0,60095043,0.07086,4456.951999999999,polo,trx-usdt,315.81961872,0.0,spot,trx,2022-08-15 02:24:52,2022,2
89465288,1660530292000.0,60095044,0.07086,4460.419999999999,polo,trx-usdt,316.0653612,0.0,spot,trx,2022-08-15 02:24:52,2022,2
89465289,1660530304000.0,60095045,0.07076,573.0120000000001,polo,trx-usdt,40.54632912,0.0,spot,trx,2022-08-15 02:25:04,2022,2
89465290,1660530304000.0,60095046,0.07075,185.727,polo,trx-usdt,13.140185249999998,0.0,spot,trx,2022-08-15 02:25:04,2022,2
89465291,1660530310000.0,60095047,0.07086,3782.1029999999996,polo,trx-usdt,267.99981858,0.0,spot,trx,2022-08-15 02:25:10,2022,2
89465292,1660530350000.0,60095048,0.07075,56.284000000000006,polo,trx-usdt,3.982093,0.0,spot,trx,2022-08-15 02:25:50,2022,2
89465293,1660530350000.0,60095049,0.07075,28.344000000000005,polo,trx-usdt,2.005338,0.0,spot,trx,2022-08-15 02:25:50,2022,2
89465294,1660530373000.0,60095050,0.07075,1129.645,polo,trx-usdt,79.92238375,0.0,spot,trx,2022-08-15 02:26:13,2022,2
89465295,1660530373000.0,60095051,0.07075,601.498,polo,trx-usdt,42.555983499999996,0.0,spot,trx,2022-08-15 02:26:13,2022,2
89465296,1660530379000.0,60095052,0.07075,3479.255,polo,trx-usdt,246.15729125,0.0,spot,trx,2022-08-15 02:26:19,2022,2
89465297,1660530390000.0,60095053,0.07085,3491.976,polo,trx-usdt,247.4064996,0.0,spot,trx,2022-08-15 02:26:30,2022,2
89465298,1660530390000.0,60095054,0.07086,605.115,polo,trx-usdt,42.8784489,0.0,spot,trx,2022-08-15 02:26:30,2022,2
89465299,1660530391000.0,60095055,0.07072,32.01,polo,trx-usdt,2.2637472,0.0,spot,trx,2022-08-15 02:26:31,2022,2
89465300,1660530401000.0,60095056,0.07076,594.8979999999999,polo,trx-usdt,42.09498248,0.0,spot,trx,2022-08-15 02:26:41,2022,2
89465301,1660530401000.0,60095057,0.07076,3459.966,polo,trx-usdt,244.82719416,0.0,spot,trx,2022-08-15 02:26:41,2022,2
89465302,1660530401000.0,60095058,0.07075,509.103,polo,trx-usdt,36.01903725,0.0,spot,trx,2022-08-15 02:26:41,2022,2
89465303,1660530405000.0,60095059,0.07072,4580.6539999999995,polo,trx-usdt,323.94385088,0.0,spot,trx,2022-08-15 02:26:45,2022,2
89465304,1660530407000.0,60095060,0.07086,2953.7619999999997,polo,trx-usdt,209.30357532,0.0,spot,trx,2022-08-15 02:26:47,2022,2
89465305,1660530425000.0,60095061,0.07075,37.151,polo,trx-usdt,2.62843325,0.0,spot,trx,2022-08-15 02:27:05,2022,2
89465306,1660530447000.0,60095062,0.07075,4677.656000000001,polo,trx-usdt,330.944162,0.0,spot,trx,2022-08-15 02:27:27,2022,2
89465307,1660530482000.0,60095063,0.07076,31.406999999999996,polo,trx-usdt,2.22235932,0.0,spot,trx,2022-08-15 02:28:02,2022,2
89465308,1660530527000.0,60095064,0.07086,3335.168,polo,trx-usdt,236.33000448000004,0.0,spot,trx,2022-08-15 02:28:47,2022,2
89465309,1660530528000.0,60095065,0.07086,1224.55,polo,trx-usdt,86.771613,0.0,spot,trx,2022-08-15 02:28:48,2022,2
89465310,1660530581000.0,60095066,0.07086,1784.5609999999997,polo,trx-usdt,126.45399246,0.0,spot,trx,2022-08-15 02:29:41,2022,2
89465311,1660530581000.0,60095067,0.07086,72.089,polo,trx-usdt,5.10822654,0.0,spot,trx,2022-08-15 02:29:41,2022,2
89465312,1660530591000.0,60095068,0.07083,35.245,polo,trx-usdt,2.49640335,0.0,spot,trx,2022-08-15 02:29:51,2022,2
89465313,1660530591000.0,60095069,0.07083,180.95,polo,trx-usdt,12.8166885,0.0,spot,trx,2022-08-15 02:29:51,2022,2
89465314,1660530599000.0,60095070,0.07086,0.9109999999999998,polo,trx-usdt,0.06455346,0.0,spot,trx,2022-08-15 02:29:59,2022,2
89465315,1660530599000.0,60095071,0.07087,0.001,polo,trx-usdt,7.087e-05,0.0,spot,trx,2022-08-15 02:29:59,2022,2
89465316,1660530599000.0,60095072,0.07087,99.999,polo,trx-usdt,7.08692913,0.0,spot,trx,2022-08-15 02:29:59,2022,2
89465317,1660530691000.0,60095073,0.07086,72804.483,polo,trx-usdt,5158.92566538,0.0,spot,trx,2022-08-15 02:31:31,2022,2
89465318,1660530701000.0,60095074,0.07086,2931.7519999999995,polo,trx-usdt,207.74394672,0.0,spot,trx,2022-08-15 02:31:41,2022,2
89465319,1660530715000.0,60095075,0.07084,238.015,polo,trx-usdt,16.8609826,0.0,spot,trx,2022-08-15 02:31:55,2022,2
89465320,1660530722000.0,60095076,0.07083,477.288,polo,trx-usdt,33.80630904,0.0,spot,trx,2022-08-15 02:32:02,2022,2
89465321,1660530730000.0,60095077,0.07084,16077.606000000002,polo,trx-usdt,1138.93760904,0.0,spot,trx,2022-08-15 02:32:10,2022,2
89465322,1660530751000.0,60095078,0.07084,36007.603,polo,trx-usdt,2550.77859652,0.0,spot,trx,2022-08-15 02:32:31,2022,2
89465323,1660530751000.0,60095079,0.07084,1.966,polo,trx-usdt,0.13927144,0.0,spot,trx,2022-08-15 02:32:31,2022,2
89465324,1660530758000.0,60095080,0.07087,0.001,polo,trx-usdt,7.087e-05,0.0,spot,trx,2022-08-15 02:32:38,2022,2
89465325,1660530773000.0,60095081,0.07085,29586.108,polo,trx-usdt,2096.1757518,0.0,spot,trx,2022-08-15 02:32:53,2022,2
89465326,1660530773000.0,60095082,0.07085,16783.783,polo,trx-usdt,1189.13102555,0.0,spot,trx,2022-08-15 02:32:53,2022,2
89465327,1660530780000.0,60095083,0.07087,173.486,polo,trx-usdt,12.294952819999999,0.0,spot,trx,2022-08-15 02:33:00,2022,2
89465328,1660530780000.0,60095084,0.07087,5.571,polo,trx-usdt,0.39481677,0.0,spot,trx,2022-08-15 02:33:00,2022,2
89465329,1660530792000.0,60095085,0.07087,705.5169999999999,polo,trx-usdt,49.99998979,0.0,spot,trx,2022-08-15 02:33:12,2022,2
89465330,1660530802000.0,60095086,0.07086,117.94099999999999,polo,trx-usdt,8.35729926,0.0,spot,trx,2022-08-15 02:33:22,2022,2
89465331,1660530823000.0,60095087,0.07086,118.27199999999999,polo,trx-usdt,8.38075392,0.0,spot,trx,2022-08-15 02:33:43,2022,2
89465332,1660530846000.0,60095088,0.07086,126.17499999999998,polo,trx-usdt,8.9407605,0.0,spot,trx,2022-08-15 02:34:06,2022,2
89465333,1660530866000.0,60095089,0.07087,564.4129999999999,polo,trx-usdt,39.99994930999999,0.0,spot,trx,2022-08-15 02:34:26,2022,2
89465334,1660530867000.0,60095090,0.07086,120.794,polo,trx-usdt,8.55946284,0.0,spot,trx,2022-08-15 02:34:27,2022,2
89465335,1660530875000.0,60095091,0.07087,24637.38,polo,trx-usdt,1746.0511206,0.0,spot,trx,2022-08-15 02:34:35,2022,2
89465336,1660530875000.0,60095092,0.07087,263.49199999999996,polo,trx-usdt,18.67367804,0.0,spot,trx,2022-08-15 02:34:35,2022,2
89465337,1660530876000.0,60095093,0.07088,100.0,polo,trx-usdt,7.088,0.0,spot,trx,2022-08-15 02:34:36,2022,2
89465338,1660530963000.0,60095094,0.07088,34048.929000000004,polo,trx-usdt,2413.38808752,0.0,spot,trx,2022-08-15 02:36:03,2022,2
89465339,1660530970000.0,60095095,0.07089,4807.2390000000005,polo,trx-usdt,340.78517271,0.0,spot,trx,2022-08-15 02:36:10,2022,2
89465340,1660530970000.0,60095096,0.07089,14686.491000000002,polo,trx-usdt,1041.12534699,0.0,spot,trx,2022-08-15 02:36:10,2022,2
89465341,1660530977000.0,60095097,0.07089,28927.992000000006,polo,trx-usdt,2050.70535288,0.0,spot,trx,2022-08-15 02:36:17,2022,2
89465342,1660530984000.0,60095098,0.07091,600.905,polo,trx-usdt,42.61017355,0.0,spot,trx,2022-08-15 02:36:24,2022,2
89465343,1660530991000.0,60095099,0.0709,12936.405999999999,polo,trx-usdt,917.1911854,0.0,spot,trx,2022-08-15 02:36:31,2022,2
89465344,1660530999000.0,60095100,0.0709,14910.013,polo,trx-usdt,1057.1199217,0.0,spot,trx,2022-08-15 02:36:39,2022,2
89465345,1660531006000.0,60095101,0.07091,743.398,polo,trx-usdt,52.714352180000006,0.0,spot,trx,2022-08-15 02:36:46,2022,2
89465346,1660531021000.0,60095102,0.0709,15278.133999999998,polo,trx-usdt,1083.2197006,0.0,spot,trx,2022-08-15 02:37:01,2022,2
89465347,1660531064000.0,60095103,0.07089,824.7290000000002,polo,trx-usdt,58.46503881000001,0.0,spot,trx,2022-08-15 02:37:44,2022,2
89465348,1660531079000.0,60095104,0.07089,261.374,polo,trx-usdt,18.52880286,0.0,spot,trx,2022-08-15 02:37:59,2022,2
89465349,1660531087000.0,60095105,0.0709,155.11399999999998,polo,trx-usdt,10.9975826,0.0,spot,trx,2022-08-15 02:38:07,2022,2
89465350,1660531094000.0,60095106,0.07088,565.576,polo,trx-usdt,40.08802688,0.0,spot,trx,2022-08-15 02:38:14,2022,2
89465351,1660531109000.0,60095107,0.0709,0.001,polo,trx-usdt,7.09e-05,0.0,spot,trx,2022-08-15 02:38:29,2022,2
89465352,1660531109000.0,60095108,0.07092,100.0,polo,trx-usdt,7.092,0.0,spot,trx,2022-08-15 02:38:29,2022,2
89465353,1660531109000.0,60095109,0.07092,41.002,polo,trx-usdt,2.9078618400000003,0.0,spot,trx,2022-08-15 02:38:29,2022,2
89465354,1660531116000.0,60095110,0.0709,501.60999999999996,polo,trx-usdt,35.564149,0.0,spot,trx,2022-08-15 02:38:36,2022,2
89465355,1660531146000.0,60095111,0.07091,677.6099999999999,polo,trx-usdt,48.04932509999999,0.0,spot,trx,2022-08-15 02:39:06,2022,2
89465356,1660531146000.0,60095112,0.07091,15.199000000000002,polo,trx-usdt,1.07776109,0.0,spot,trx,2022-08-15 02:39:06,2022,2
89465357,1660531147000.0,60095113,0.07092,58.998,polo,trx-usdt,4.18413816,0.0,spot,trx,2022-08-15 02:39:07,2022,2
89465358,1660531147000.0,60095114,0.07097,36.169999999999995,polo,trx-usdt,2.5669849,0.0,spot,trx,2022-08-15 02:39:07,2022,2
89465359,1660531157000.0,60095115,0.07099,704.3240000000001,polo,trx-usdt,49.99996076,0.0,spot,trx,2022-08-15 02:39:17,2022,2
89465360,1660531161000.0,60095116,0.07092,834.979,polo,trx-usdt,59.21671068,0.0,spot,trx,2022-08-15 02:39:21,2022,2
89465361,1660531164000.0,60095117,0.07099,609.0,polo,trx-usdt,43.23291,0.0,spot,trx,2022-08-15 02:39:24,2022,2
89465362,1660531172000.0,60095118,0.07099,1179.98,polo,trx-usdt,83.7667802,0.0,spot,trx,2022-08-15 02:39:32,2022,2
89465363,1660531263000.0,60095119,0.07097,19964.458,polo,trx-usdt,1416.87758426,0.0,spot,trx,2022-08-15 02:41:03,2022,2
89465364,1660531270000.0,60095120,0.07093,382.71999999999997,polo,trx-usdt,27.1463296,0.0,spot,trx,2022-08-15 02:41:10,2022,2
89465365,1660531284000.0,60095121,0.07097,765.5909999999999,polo,trx-usdt,54.33399326999999,0.0,spot,trx,2022-08-15 02:41:24,2022,2
89465366,1660531292000.0,60095122,0.07096,36353.385,polo,trx-usdt,2579.6361996,0.0,spot,trx,2022-08-15 02:41:32,2022,2
89465367,1660531299000.0,60095123,0.07098,700.741,polo,trx-usdt,49.73859618,0.0,spot,trx,2022-08-15 02:41:39,2022,2
89465368,1660531299000.0,60095124,0.07098,25617.029,polo,trx-usdt,1818.29671842,0.0,spot,trx,2022-08-15 02:41:39,2022,2
89465369,1660531306000.0,60095125,0.07095,805.722,polo,trx-usdt,57.1659759,0.0,spot,trx,2022-08-15 02:41:46,2022,2
89465370,1660531339000.0,60095126,0.071,30.548000000000002,polo,trx-usdt,2.168908,0.0,spot,trx,2022-08-15 02:42:19,2022,2
89465371,1660531490000.0,60095127,0.07098,24327.604,polo,trx-usdt,1726.77333192,0.0,spot,trx,2022-08-15 02:44:50,2022,2
89465372,1660531490000.0,60095128,0.07098,36.796,polo,trx-usdt,2.61178008,0.0,spot,trx,2022-08-15 02:44:50,2022,2
89465373,1660531496000.0,60095129,0.07097,8067.2519999999995,polo,trx-usdt,572.53287444,0.0,spot,trx,2022-08-15 02:44:56,2022,2
89465374,1660531519000.0,60095130,0.07106,778.817,polo,trx-usdt,55.34273602,0.0,spot,trx,2022-08-15 02:45:19,2022,2
89465375,1660531534000.0,60095131,0.07105,895.8480000000001,polo,trx-usdt,63.6500004,0.0,spot,trx,2022-08-15 02:45:34,2022,2
89465376,1660531622000.0,60095132,0.07103,38248.549,polo,trx-usdt,2716.79443547,0.0,spot,trx,2022-08-15 02:47:02,2022,2
89465377,1660531630000.0,60095133,0.07102,16978.367,polo,trx-usdt,1205.80362434,0.0,spot,trx,2022-08-15 02:47:10,2022,2
89465378,1660531644000.0,60095134,0.07102,833.414,polo,trx-usdt,59.18906228,0.0,spot,trx,2022-08-15 02:47:24,2022,2
89465379,1660531659000.0,60095135,0.07102,20957.968,polo,trx-usdt,1488.43488736,0.0,spot,trx,2022-08-15 02:47:39,2022,2
89465380,1660531681000.0,60095136,0.07097,15972.161999999998,polo,trx-usdt,1133.54433714,0.0,spot,trx,2022-08-15 02:48:01,2022,2
89465381,1660531759000.0,60095137,0.07097,21921.608999999997,polo,trx-usdt,1555.77659073,0.0,spot,trx,2022-08-15 02:49:19,2022,2
89465382,1660531759000.0,60095138,0.07097,33.08599999999999,polo,trx-usdt,2.34811342,0.0,spot,trx,2022-08-15 02:49:19,2022,2
89465383,1660531765000.0,60095139,0.07097,488.86999999999995,polo,trx-usdt,34.6951039,0.0,spot,trx,2022-08-15 02:49:25,2022,2
89465384,1660531766000.0,60095140,0.07099,22607.081,polo,trx-usdt,1604.87668019,0.0,spot,trx,2022-08-15 02:49:26,2022,2
89465385,1660531773000.0,60095141,0.07097,8299.751,polo,trx-usdt,589.03332847,0.0,spot,trx,2022-08-15 02:49:33,2022,2
89465386,1660531778000.0,60095142,0.07096,31.809,polo,trx-usdt,2.25716664,0.0,spot,trx,2022-08-15 02:49:38,2022,2
89465387,1660531781000.0,60095143,0.07095,15910.411,polo,trx-usdt,1128.84366045,0.0,spot,trx,2022-08-15 02:49:41,2022,2
89465388,1660531788000.0,60095144,0.07093,22917.167999999998,polo,trx-usdt,1625.51472624,0.0,spot,trx,2022-08-15 02:49:48,2022,2
89465389,1660531795000.0,60095145,0.07092,25312.38,polo,trx-usdt,1795.1539896,0.0,spot,trx,2022-08-15 02:49:55,2022,2
89465390,1660531804000.0,60095146,0.07091,10998.457999999999,polo,trx-usdt,779.90065678,0.0,spot,trx,2022-08-15 02:50:04,2022,2
89465391,1660531805000.0,60095147,0.07092,1575.815,polo,trx-usdt,111.7567998,0.0,spot,trx,2022-08-15 02:50:05,2022,2
89465392,1660531828000.0,60095148,0.07089,191.78400000000002,polo,trx-usdt,13.59556776,0.0,spot,trx,2022-08-15 02:50:28,2022,2
89465393,1660531836000.0,60095149,0.07094,27.936,polo,trx-usdt,1.9817798400000002,0.0,spot,trx,2022-08-15 02:50:36,2022,2
89465394,1660531837000.0,60095150,0.07094,13529.966,polo,trx-usdt,959.81578804,0.0,spot,trx,2022-08-15 02:50:37,2022,2
89465395,1660531845000.0,60095151,0.07088,222.79500000000002,polo,trx-usdt,15.7917096,0.0,spot,trx,2022-08-15 02:50:45,2022,2
89465396,1660531855000.0,60095152,0.07091,111.73299999999999,polo,trx-usdt,7.922987029999999,0.0,spot,trx,2022-08-15 02:50:55,2022,2
89465397,1660531858000.0,60095153,0.07092,221.674,polo,trx-usdt,15.72112008,0.0,spot,trx,2022-08-15 02:50:58,2022,2
89465398,1660531880000.0,60095154,0.07094,151.851,polo,trx-usdt,10.77230994,0.0,spot,trx,2022-08-15 02:51:20,2022,2
89465399,1660531897000.0,60095155,0.07086,139.41199999999998,polo,trx-usdt,9.87873432,0.0,spot,trx,2022-08-15 02:51:37,2022,2
89465400,1660531904000.0,60095156,0.07091,40.398,polo,trx-usdt,2.8646221800000005,0.0,spot,trx,2022-08-15 02:51:44,2022,2
89465401,1660531932000.0,60095157,0.07091,282.047,polo,trx-usdt,19.999952770000004,0.0,spot,trx,2022-08-15 02:52:12,2022,2
89465402,1660531949000.0,60095158,0.07078,618.7270000000001,polo,trx-usdt,43.79349706000001,0.0,spot,trx,2022-08-15 02:52:29,2022,2
89465403,1660531956000.0,60095159,0.07085,92.278,polo,trx-usdt,6.5378963,0.0,spot,trx,2022-08-15 02:52:36,2022,2
89465404,1660531972000.0,60095160,0.07084,140.167,polo,trx-usdt,9.92943028,0.0,spot,trx,2022-08-15 02:52:52,2022,2
89465405,1660531987000.0,60095161,0.07083,253.15399999999997,polo,trx-usdt,17.93089782,0.0,spot,trx,2022-08-15 02:53:07,2022,2
89465406,1660531988000.0,60095162,0.07083,5.772,polo,trx-usdt,0.40883076,0.0,spot,trx,2022-08-15 02:53:08,2022,2
89465407,1660531994000.0,60095163,0.07084,145.192,polo,trx-usdt,10.28540128,0.0,spot,trx,2022-08-15 02:53:14,2022,2
89465408,1660531995000.0,60095164,0.07079,1508.2989999999998,polo,trx-usdt,106.77248621,0.0,spot,trx,2022-08-15 02:53:15,2022,2
89465409,1660532001000.0,60095165,0.07084,1.482,polo,trx-usdt,0.10498488,0.0,spot,trx,2022-08-15 02:53:21,2022,2
89465410,1660532016000.0,60095166,0.07086,118.53899999999999,polo,trx-usdt,8.39967354,0.0,spot,trx,2022-08-15 02:53:36,2022,2
89465411,1660532024000.0,60095167,0.07089,172.48600000000002,polo,trx-usdt,12.22753254,0.0,spot,trx,2022-08-15 02:53:44,2022,2
89465412,1660532039000.0,60095168,0.07088,228.285,polo,trx-usdt,16.1808408,0.0,spot,trx,2022-08-15 02:53:59,2022,2
89465413,1660532046000.0,60095169,0.07089,126.53900000000002,polo,trx-usdt,8.97034971,0.0,spot,trx,2022-08-15 02:54:06,2022,2
89465414,1660532047000.0,60095170,0.07088,60.092000000000006,polo,trx-usdt,4.25932096,0.0,spot,trx,2022-08-15 02:54:07,2022,2
89465415,1660532052000.0,60095171,0.07078,19.789,polo,trx-usdt,1.40066542,0.0,spot,trx,2022-08-15 02:54:12,2022,2
89465416,1660532061000.0,60095172,0.07087,174.56699999999998,polo,trx-usdt,12.37156329,0.0,spot,trx,2022-08-15 02:54:21,2022,2
89465417,1660532061000.0,60095173,0.07087,1.661,polo,trx-usdt,0.11771507,0.0,spot,trx,2022-08-15 02:54:21,2022,2
89465418,1660532075000.0,60095174,0.07088,1533.599,polo,trx-usdt,108.70149712,0.0,spot,trx,2022-08-15 02:54:35,2022,2
89465419,1660532076000.0,60095175,0.07086,114.42,polo,trx-usdt,8.1078012,0.0,spot,trx,2022-08-15 02:54:36,2022,2
89465420,1660532076000.0,60095176,0.07086,0.39399999999999996,polo,trx-usdt,0.02791884,0.0,spot,trx,2022-08-15 02:54:36,2022,2
89465421,1660532091000.0,60095177,0.07085,104.601,polo,trx-usdt,7.41098085,0.0,spot,trx,2022-08-15 02:54:51,2022,2
89465422,1660532091000.0,60095178,0.07085,1.042,polo,trx-usdt,0.0738257,0.0,spot,trx,2022-08-15 02:54:51,2022,2
89465423,1660532092000.0,60095179,0.07091,361.048,polo,trx-usdt,25.60191368,0.0,spot,trx,2022-08-15 02:54:52,2022,2
89465424,1660532092000.0,60095180,0.07091,360.095,polo,trx-usdt,25.53433645,0.0,spot,trx,2022-08-15 02:54:52,2022,2
89465425,1660532098000.0,60095181,0.07091,432.35,polo,trx-usdt,30.6579385,0.0,spot,trx,2022-08-15 02:54:58,2022,2
89465426,1660532104000.0,60095182,0.07091,355.914,polo,trx-usdt,25.23786174,0.0,spot,trx,2022-08-15 02:55:04,2022,2
89465427,1660532112000.0,60095183,0.07084,30.406999999999996,polo,trx-usdt,2.15403188,0.0,spot,trx,2022-08-15 02:55:12,2022,2
89465428,1660532112000.0,60095184,0.07084,157.141,polo,trx-usdt,11.13186844,0.0,spot,trx,2022-08-15 02:55:12,2022,2
89465429,1660532135000.0,60095185,0.07086,170.85,polo,trx-usdt,12.106431,0.0,spot,trx,2022-08-15 02:55:35,2022,2
89465430,1660532138000.0,60095186,0.07091,1614.481,polo,trx-usdt,114.48284771,0.0,spot,trx,2022-08-15 02:55:38,2022,2
89465431,1660532142000.0,60095187,0.07091,891.4929999999999,polo,trx-usdt,63.21576863,0.0,spot,trx,2022-08-15 02:55:42,2022,2
89465432,1660532160000.0,60095188,0.07081,158.262,polo,trx-usdt,11.20653222,0.0,spot,trx,2022-08-15 02:56:00,2022,2
89465433,1660532163000.0,60095189,0.0709,410.286,polo,trx-usdt,29.0892774,0.0,spot,trx,2022-08-15 02:56:03,2022,2
89465434,1660532188000.0,60095190,0.07091,245.11,polo,trx-usdt,17.3807501,0.0,spot,trx,2022-08-15 02:56:28,2022,2
89465435,1660532256000.0,60095191,0.0709,10242.585,polo,trx-usdt,726.1992765,0.0,spot,trx,2022-08-15 02:57:36,2022,2
89465436,1660532263000.0,60095192,0.0709,5233.630999999999,polo,trx-usdt,371.0644379,0.0,spot,trx,2022-08-15 02:57:43,2022,2
89465437,1660532266000.0,60095193,0.0709,962.7779999999999,polo,trx-usdt,68.2609602,0.0,spot,trx,2022-08-15 02:57:46,2022,2
89465438,1660532278000.0,60095194,0.0709,22.636,polo,trx-usdt,1.6048924,0.0,spot,trx,2022-08-15 02:57:58,2022,2
89465439,1660532285000.0,60095195,0.0709,5290.223,polo,trx-usdt,375.0768107,0.0,spot,trx,2022-08-15 02:58:05,2022,2
89465440,1660532338000.0,60095196,0.07091,843.366,polo,trx-usdt,59.80308306,0.0,spot,trx,2022-08-15 02:58:58,2022,2
89465441,1660532352000.0,60095197,0.0709,6559.6359999999995,polo,trx-usdt,465.0781924,0.0,spot,trx,2022-08-15 02:59:12,2022,2
89465442,1660532360000.0,60095198,0.0709,60.128,polo,trx-usdt,4.2630752,0.0,spot,trx,2022-08-15 02:59:20,2022,2
89465443,1660532374000.0,60095199,0.0709,2754.997,polo,trx-usdt,195.3292873,0.0,spot,trx,2022-08-15 02:59:34,2022,2
89465444,1660532398000.0,60095200,0.0709,395.88,polo,trx-usdt,28.067892,0.0,spot,trx,2022-08-15 02:59:58,2022,2
89465445,1660532463000.0,60095201,0.071,286.305,polo,trx-usdt,20.327655,0.0,spot,trx,2022-08-15 03:01:03,2022,3
89465446,1660532493000.0,60095202,0.07098,255.548,polo,trx-usdt,18.13879704,0.0,spot,trx,2022-08-15 03:01:33,2022,3
89465447,1660532595000.0,60095203,0.07098,445.852,polo,trx-usdt,31.64657496,0.0,spot,trx,2022-08-15 03:03:15,2022,3
89465448,1660532635000.0,60095204,0.07093,112.03999999999999,polo,trx-usdt,7.9469972,0.0,spot,trx,2022-08-15 03:03:55,2022,3
89465449,1660532650000.0,60095205,0.07089,25560.242000000002,polo,trx-usdt,1811.96555538,0.0,spot,trx,2022-08-15 03:04:10,2022,3
89465450,1660532657000.0,60095206,0.07086,35356.581999999995,polo,trx-usdt,2505.36740052,0.0,spot,trx,2022-08-15 03:04:17,2022,3
89465451,1660532662000.0,60095207,0.07086,358.152,polo,trx-usdt,25.37865072,0.0,spot,trx,2022-08-15 03:04:22,2022,3
89465452,1660532664000.0,60095208,0.07086,11375.970999999998,polo,trx-usdt,806.10130506,0.0,spot,trx,2022-08-15 03:04:24,2022,3
89465453,1660532679000.0,60095209,0.07085,17937.416,polo,trx-usdt,1270.8659236,0.0,spot,trx,2022-08-15 03:04:39,2022,3
89465454,1660532686000.0,60095210,0.07083,21781.623999999996,polo,trx-usdt,1542.79242792,0.0,spot,trx,2022-08-15 03:04:46,2022,3
89465455,1660532686000.0,60095211,0.07083,1.64,polo,trx-usdt,0.1161612,0.0,spot,trx,2022-08-15 03:04:46,2022,3
89465456,1660532711000.0,60095212,0.07101,289.45699999999994,polo,trx-usdt,20.55434157,0.0,spot,trx,2022-08-15 03:05:11,2022,3
89465457,1660532731000.0,60095213,0.07097,17.884999999999998,polo,trx-usdt,1.26929845,0.0,spot,trx,2022-08-15 03:05:31,2022,3
89465458,1660532743000.0,60095214,0.07097,954.2639999999999,polo,trx-usdt,67.72411608,0.0,spot,trx,2022-08-15 03:05:43,2022,3
89465459,1660532772000.0,60095215,0.07097,1273.019,polo,trx-usdt,90.34615843,0.0,spot,trx,2022-08-15 03:06:12,2022,3
89465460,1660532780000.0,60095216,0.07097,111.53299999999999,polo,trx-usdt,7.915497009999999,0.0,spot,trx,2022-08-15 03:06:20,2022,3
89465461,1660532783000.0,60095217,0.07097,47.302,polo,trx-usdt,3.3570229400000002,0.0,spot,trx,2022-08-15 03:06:23,2022,3
89465462,1660532801000.0,60095218,0.07097,12711.373999999998,polo,trx-usdt,902.12621278,0.0,spot,trx,2022-08-15 03:06:41,2022,3
89465463,1660532874000.0,60095219,0.07102,2236.774,polo,trx-usdt,158.85568948,0.0,spot,trx,2022-08-15 03:07:54,2022,3
89465464,1660532890000.0,60095220,0.07097,7141.9839999999995,polo,trx-usdt,506.86660448,0.0,spot,trx,2022-08-15 03:08:10,2022,3
89465465,1660532898000.0,60095221,0.07095,2199.2140000000004,polo,trx-usdt,156.03423330000004,0.0,spot,trx,2022-08-15 03:08:18,2022,3
89465466,1660532898000.0,60095222,0.07095,61.208,polo,trx-usdt,4.3427076,0.0,spot,trx,2022-08-15 03:08:18,2022,3
89465467,1660532902000.0,60095223,0.07108,1406.8649999999998,polo,trx-usdt,99.9999642,0.0,spot,trx,2022-08-15 03:08:22,2022,3
89465468,1660532905000.0,60095224,0.07105,5125.724,polo,trx-usdt,364.1826902,0.0,spot,trx,2022-08-15 03:08:25,2022,3
89465469,1660532912000.0,60095225,0.07103,7177.77,polo,trx-usdt,509.8370031,0.0,spot,trx,2022-08-15 03:08:32,2022,3
89465470,1660532920000.0,60095226,0.07101,8405.109999999999,polo,trx-usdt,596.8468611,0.0,spot,trx,2022-08-15 03:08:40,2022,3
89465471,1660532920000.0,60095227,0.07101,201.31199999999998,polo,trx-usdt,14.29516512,0.0,spot,trx,2022-08-15 03:08:40,2022,3
89465472,1660532927000.0,60095228,0.071,7947.982000000001,polo,trx-usdt,564.306722,0.0,spot,trx,2022-08-15 03:08:47,2022,3
89465473,1660532934000.0,60095229,0.07098,6867.575,polo,trx-usdt,487.4604735,0.0,spot,trx,2022-08-15 03:08:54,2022,3
89465474,1660532935000.0,60095230,0.07098,51.580999999999996,polo,trx-usdt,3.66121938,0.0,spot,trx,2022-08-15 03:08:55,2022,3
89465475,1660532935000.0,60095231,0.07105,652.148,polo,trx-usdt,46.33511540000001,0.0,spot,trx,2022-08-15 03:08:55,2022,3
89465476,1660532942000.0,60095232,0.07098,5094.208,polo,trx-usdt,361.58688384,0.0,spot,trx,2022-08-15 03:09:02,2022,3
89465477,1660532971000.0,60095233,0.07096,3534.213,polo,trx-usdt,250.78775448,0.0,spot,trx,2022-08-15 03:09:31,2022,3
89465478,1660532972000.0,60095234,0.07096,48.229000000000006,polo,trx-usdt,3.42232984,0.0,spot,trx,2022-08-15 03:09:32,2022,3
89465479,1660532979000.0,60095235,0.07095,44.545,polo,trx-usdt,3.16046775,0.0,spot,trx,2022-08-15 03:09:39,2022,3
89465480,1660532979000.0,60095236,0.07095,1757.517,polo,trx-usdt,124.69583115,0.0,spot,trx,2022-08-15 03:09:39,2022,3
89465481,1660532986000.0,60095237,0.07093,8514.904999999999,polo,trx-usdt,603.96221165,0.0,spot,trx,2022-08-15 03:09:46,2022,3
89465482,1660533011000.0,60095238,0.0708,239.598,polo,trx-usdt,16.9635384,0.0,spot,trx,2022-08-15 03:10:11,2022,3
89465483,1660533030000.0,60095239,0.07075,4039.158,polo,trx-usdt,285.7704285,0.0,spot,trx,2022-08-15 03:10:30,2022,3
89465484,1660533062000.0,60095240,0.07085,50.2,polo,trx-usdt,3.55667,0.0,spot,trx,2022-08-15 03:11:02,2022,3
89465485,1660533066000.0,60095241,0.07082,35.14000000000001,polo,trx-usdt,2.4886148,0.0,spot,trx,2022-08-15 03:11:06,2022,3
89465486,1660533072000.0,60095242,0.07082,35944.835,polo,trx-usdt,2545.6132147,0.0,spot,trx,2022-08-15 03:11:12,2022,3
89465487,1660533072000.0,60095243,0.07082,169118.192,polo,trx-usdt,11976.95035744,0.0,spot,trx,2022-08-15 03:11:12,2022,3
89465488,1660533104000.0,60095244,0.07081,157.898,polo,trx-usdt,11.18075738,0.0,spot,trx,2022-08-15 03:11:44,2022,3
89465489,1660533162000.0,60095245,0.07084,595.911,polo,trx-usdt,42.21433524,0.0,spot,trx,2022-08-15 03:12:42,2022,3
89465490,1660533162000.0,60095246,0.07084,7444.9800000000005,polo,trx-usdt,527.4023832,0.0,spot,trx,2022-08-15 03:12:42,2022,3
89465491,1660533169000.0,60095247,0.07088,5423.588000000001,polo,trx-usdt,384.42391744,0.0,spot,trx,2022-08-15 03:12:49,2022,3
89465492,1660533176000.0,60095248,0.0709,351.402,polo,trx-usdt,24.9144018,0.0,spot,trx,2022-08-15 03:12:56,2022,3
89465493,1660533176000.0,60095249,0.0709,6018.883999999999,polo,trx-usdt,426.7388756,0.0,spot,trx,2022-08-15 03:12:56,2022,3
89465494,1660533182000.0,60095250,0.07094,18.072,polo,trx-usdt,1.28202768,0.0,spot,trx,2022-08-15 03:13:02,2022,3
89465495,1660533183000.0,60095251,0.07091,4292.63,polo,trx-usdt,304.3903933,0.0,spot,trx,2022-08-15 03:13:03,2022,3
89465496,1660533184000.0,60095252,0.0709,112.448,polo,trx-usdt,7.9725632,0.0,spot,trx,2022-08-15 03:13:04,2022,3
89465497,1660533184000.0,60095253,0.0709,50.199999999999996,polo,trx-usdt,3.55918,0.0,spot,trx,2022-08-15 03:13:04,2022,3
89465498,1660533184000.0,60095254,0.0709,969.5629999999999,polo,trx-usdt,68.7420167,0.0,spot,trx,2022-08-15 03:13:04,2022,3
89465499,1660533193000.0,60095255,0.07094,90.18599999999999,polo,trx-usdt,6.3977948399999995,0.0,spot,trx,2022-08-15 03:13:13,2022,3
89465500,1660533198000.0,60095256,0.07087,4551.46,polo,trx-usdt,322.5619702,0.0,spot,trx,2022-08-15 03:13:18,2022,3
89465501,1660533213000.0,60095257,0.07093,7600.824,polo,trx-usdt,539.12644632,0.0,spot,trx,2022-08-15 03:13:33,2022,3
89465502,1660533220000.0,60095258,0.07092,1827.788,polo,trx-usdt,129.62672496,0.0,spot,trx,2022-08-15 03:13:40,2022,3
89465503,1660533227000.0,60095259,0.07094,142.004,polo,trx-usdt,10.07376376,0.0,spot,trx,2022-08-15 03:13:47,2022,3
89465504,1660533229000.0,60095260,0.07093,15.139999999999999,polo,trx-usdt,1.0738802,0.0,spot,trx,2022-08-15 03:13:49,2022,3
89465505,1660533240000.0,60095261,0.07092,45.984,polo,trx-usdt,3.26118528,0.0,spot,trx,2022-08-15 03:14:00,2022,3
89465506,1660533259000.0,60095262,0.07094,1382.484,polo,trx-usdt,98.07341496,0.0,spot,trx,2022-08-15 03:14:19,2022,3
89465507,1660533262000.0,60095263,0.07094,1671.541,polo,trx-usdt,118.57911854,0.0,spot,trx,2022-08-15 03:14:22,2022,3
89465508,1660533264000.0,60095264,0.07094,18.314,polo,trx-usdt,1.29919516,0.0,spot,trx,2022-08-15 03:14:24,2022,3
89465509,1660533271000.0,60095265,0.07106,3329.936,polo,trx-usdt,236.62525216,0.0,spot,trx,2022-08-15 03:14:31,2022,3
89465510,1660533278000.0,60095266,0.07105,8451.839,polo,trx-usdt,600.50316095,0.0,spot,trx,2022-08-15 03:14:38,2022,3
89465511,1660533285000.0,60095267,0.07106,8164.678000000001,polo,trx-usdt,580.18201868,0.0,spot,trx,2022-08-15 03:14:45,2022,3
89465512,1660533289000.0,60095268,0.07106,166.084,polo,trx-usdt,11.80192904,0.0,spot,trx,2022-08-15 03:14:49,2022,3
89465513,1660533289000.0,60095269,0.07109,29.698999999999998,polo,trx-usdt,2.11130191,0.0,spot,trx,2022-08-15 03:14:49,2022,3
89465514,1660533292000.0,60095270,0.07107,5091.404,polo,trx-usdt,361.84608228,0.0,spot,trx,2022-08-15 03:14:52,2022,3
89465515,1660533292000.0,60095271,0.07107,125.352,polo,trx-usdt,8.90876664,0.0,spot,trx,2022-08-15 03:14:52,2022,3
89465516,1660533300000.0,60095272,0.07106,3236.7400000000002,polo,trx-usdt,230.0027444,0.0,spot,trx,2022-08-15 03:15:00,2022,3
89465517,1660533316000.0,60095273,0.07105,1115.452,polo,trx-usdt,79.2528646,0.0,spot,trx,2022-08-15 03:15:16,2022,3
89465518,1660533367000.0,60095274,0.07105,56929.926,polo,trx-usdt,4044.8712423,0.0,spot,trx,2022-08-15 03:16:07,2022,3
89465519,1660533367000.0,60095275,0.07105,5969.117,polo,trx-usdt,424.10576285,0.0,spot,trx,2022-08-15 03:16:07,2022,3
89465520,1660533368000.0,60095276,0.07105,36188.873,polo,trx-usdt,2571.21942665,0.0,spot,trx,2022-08-15 03:16:08,2022,3
89465521,1660533368000.0,60095277,0.07105,70961.075,polo,trx-usdt,5041.78437875,0.0,spot,trx,2022-08-15 03:16:08,2022,3
89465522,1660533485000.0,60095278,0.07096,295.091,polo,trx-usdt,20.939657359999998,0.0,spot,trx,2022-08-15 03:18:05,2022,3
89465523,1660533500000.0,60095279,0.07105,65.591,polo,trx-usdt,4.66024055,0.0,spot,trx,2022-08-15 03:18:20,2022,3
89465524,1660533523000.0,60095280,0.07105,229.5,polo,trx-usdt,16.305975,0.0,spot,trx,2022-08-15 03:18:43,2022,3
89465525,1660533526000.0,60095281,0.07106,10.338,polo,trx-usdt,0.73461828,0.0,spot,trx,2022-08-15 03:18:46,2022,3
89465526,1660533556000.0,60095282,0.07105,69.343,polo,trx-usdt,4.92682015,0.0,spot,trx,2022-08-15 03:19:16,2022,3
89465527,1660533578000.0,60095283,0.07107,2173.904,polo,trx-usdt,154.49935728,0.0,spot,trx,2022-08-15 03:19:38,2022,3
89465528,1660533585000.0,60095284,0.07106,6447.737,polo,trx-usdt,458.17619122,0.0,spot,trx,2022-08-15 03:19:45,2022,3
89465529,1660533592000.0,60095285,0.0711,4071.648,polo,trx-usdt,289.4941728,0.0,spot,trx,2022-08-15 03:19:52,2022,3
89465530,1660533593000.0,60095286,0.0711,106.968,polo,trx-usdt,7.6054248,0.0,spot,trx,2022-08-15 03:19:53,2022,3
89465531,1660533609000.0,60095287,0.07107,6467.1230000000005,polo,trx-usdt,459.61843161,0.0,spot,trx,2022-08-15 03:20:09,2022,3
89465532,1660533622000.0,60095288,0.07095,19.226,polo,trx-usdt,1.3640846999999998,0.0,spot,trx,2022-08-15 03:20:22,2022,3
89465533,1660533623000.0,60095289,0.07095,3751.0510000000004,polo,trx-usdt,266.13706845,0.0,spot,trx,2022-08-15 03:20:23,2022,3
89465534,1660533627000.0,60095290,0.07095,52.61,polo,trx-usdt,3.7326794999999997,0.0,spot,trx,2022-08-15 03:20:27,2022,3
89465535,1660533627000.0,60095291,0.07114,1781.977,polo,trx-usdt,126.76984378,0.0,spot,trx,2022-08-15 03:20:27,2022,3
89465536,1660533664000.0,60095292,0.07095,736.9520000000001,polo,trx-usdt,52.28674440000001,0.0,spot,trx,2022-08-15 03:21:04,2022,3
89465537,1660533673000.0,60095293,0.07107,62.16300000000001,polo,trx-usdt,4.41792441,0.0,spot,trx,2022-08-15 03:21:13,2022,3
89465538,1660533685000.0,60095294,0.07109,1339.762,polo,trx-usdt,95.24368058,0.0,spot,trx,2022-08-15 03:21:25,2022,3
89465539,1660533685000.0,60095295,0.07109,1335.675,polo,trx-usdt,94.95313575,0.0,spot,trx,2022-08-15 03:21:25,2022,3
89465540,1660533697000.0,60095296,0.07108,392.65599999999995,polo,trx-usdt,27.90998848,0.0,spot,trx,2022-08-15 03:21:37,2022,3
89465541,1660533698000.0,60095297,0.07108,362.15,polo,trx-usdt,25.741622,0.0,spot,trx,2022-08-15 03:21:38,2022,3
89465542,1660533709000.0,60095298,0.07105,581.5569999999999,polo,trx-usdt,41.31962485,0.0,spot,trx,2022-08-15 03:21:49,2022,3
89465543,1660533730000.0,60095299,0.07101,54.001999999999995,polo,trx-usdt,3.83468202,0.0,spot,trx,2022-08-15 03:22:10,2022,3
89465544,1660533730000.0,60095300,0.07101,111.341,polo,trx-usdt,7.90632441,0.0,spot,trx,2022-08-15 03:22:10,2022,3
89465545,1660533736000.0,60095301,0.07102,21.595000000000002,polo,trx-usdt,1.5336769000000001,0.0,spot,trx,2022-08-15 03:22:16,2022,3
89465546,1660533739000.0,60095302,0.07105,8652.908,polo,trx-usdt,614.7891134,0.0,spot,trx,2022-08-15 03:22:19,2022,3
89465547,1660533746000.0,60095303,0.07104,7633.828999999999,polo,trx-usdt,542.30721216,0.0,spot,trx,2022-08-15 03:22:26,2022,3
89465548,1660533761000.0,60095304,0.07105,3170.425,polo,trx-usdt,225.25869625,0.0,spot,trx,2022-08-15 03:22:41,2022,3
89465549,1660533768000.0,60095305,0.07104,7753.968999999999,polo,trx-usdt,550.84195776,0.0,spot,trx,2022-08-15 03:22:48,2022,3
89465550,1660533775000.0,60095306,0.07106,3337.355,polo,trx-usdt,237.1524463,0.0,spot,trx,2022-08-15 03:22:55,2022,3
89465551,1660533782000.0,60095307,0.07106,37.917,polo,trx-usdt,2.69438202,0.0,spot,trx,2022-08-15 03:23:02,2022,3
89465552,1660533822000.0,60095308,0.07107,3889.2820000000006,polo,trx-usdt,276.41127174,0.0,spot,trx,2022-08-15 03:23:42,2022,3
89465553,1660533822000.0,60095309,0.07107,3891.9040000000005,polo,trx-usdt,276.59761728,0.0,spot,trx,2022-08-15 03:23:42,2022,3
89465554,1660533834000.0,60095310,0.07101,35286.132999999994,polo,trx-usdt,2505.66830433,0.0,spot,trx,2022-08-15 03:23:54,2022,3
89465555,1660533836000.0,60095311,0.071,140.84500000000003,polo,trx-usdt,9.999995,0.0,spot,trx,2022-08-15 03:23:56,2022,3
89465556,1660533862000.0,60095312,0.07106,23.456000000000003,polo,trx-usdt,1.6667833600000002,0.0,spot,trx,2022-08-15 03:24:22,2022,3
89465557,1660533879000.0,60095313,0.07107,2014.593,polo,trx-usdt,143.17712451,0.0,spot,trx,2022-08-15 03:24:39,2022,3
89465558,1660533930000.0,60095314,0.07107,31299.331000000006,polo,trx-usdt,2224.44345417,0.0,spot,trx,2022-08-15 03:25:30,2022,3
89465559,1660533936000.0,60095315,0.07106,13296.217999999999,polo,trx-usdt,944.82925108,0.0,spot,trx,2022-08-15 03:25:36,2022,3
89465560,1660533943000.0,60095316,0.07105,3679.181,polo,trx-usdt,261.40581005,0.0,spot,trx,2022-08-15 03:25:43,2022,3
89465561,1660533943000.0,60095317,0.07105,4027.435,polo,trx-usdt,286.14925675,0.0,spot,trx,2022-08-15 03:25:43,2022,3
89465562,1660533943000.0,60095318,0.07105,1545.8169999999998,polo,trx-usdt,109.83029785,0.0,spot,trx,2022-08-15 03:25:43,2022,3
89465563,1660533957000.0,60095319,0.07105,143.774,polo,trx-usdt,10.215142700000001,0.0,spot,trx,2022-08-15 03:25:57,2022,3
89465564,1660533957000.0,60095320,0.07105,21024.226,polo,trx-usdt,1493.7712573,0.0,spot,trx,2022-08-15 03:25:57,2022,3
89465565,1660533957000.0,60095321,0.07106,3322.0,polo,trx-usdt,236.06132,0.0,spot,trx,2022-08-15 03:25:57,2022,3
89465566,1660533971000.0,60095322,0.07077,34.386,polo,trx-usdt,2.43349722,0.0,spot,trx,2022-08-15 03:26:11,2022,3
89465567,1660533971000.0,60095323,0.07077,17195.323,polo,trx-usdt,1216.91300871,0.0,spot,trx,2022-08-15 03:26:11,2022,3
89465568,1660533985000.0,60095324,0.07092,32880.688,polo,trx-usdt,2331.89839296,0.0,spot,trx,2022-08-15 03:26:25,2022,3
89465569,1660534014000.0,60095325,0.07093,26743.129999999997,polo,trx-usdt,1896.8902109,0.0,spot,trx,2022-08-15 03:26:54,2022,3
89465570,1660534022000.0,60095326,0.071,17112.493000000002,polo,trx-usdt,1214.987003,0.0,spot,trx,2022-08-15 03:27:02,2022,3
89465571,1660534029000.0,60095327,0.07103,20665.2,polo,trx-usdt,1467.849156,0.0,spot,trx,2022-08-15 03:27:09,2022,3
89465572,1660534035000.0,60095328,0.07094,10439.867999999999,polo,trx-usdt,740.60423592,0.0,spot,trx,2022-08-15 03:27:15,2022,3
89465573,1660534038000.0,60095329,0.0711,2444.618,polo,trx-usdt,173.8123398,0.0,spot,trx,2022-08-15 03:27:18,2022,3
89465574,1660534038000.0,60095330,0.0711,2437.5040000000004,polo,trx-usdt,173.3065344,0.0,spot,trx,2022-08-15 03:27:18,2022,3
89465575,1660534044000.0,60095331,0.071,38629.317,polo,trx-usdt,2742.681507,0.0,spot,trx,2022-08-15 03:27:24,2022,3
89465576,1660534044000.0,60095332,0.071,34.139,polo,trx-usdt,2.423869,0.0,spot,trx,2022-08-15 03:27:24,2022,3
89465577,1660534049000.0,60095333,0.071,199.999,polo,trx-usdt,14.199929,0.0,spot,trx,2022-08-15 03:27:29,2022,3
89465578,1660534050000.0,60095334,0.071,127.067,polo,trx-usdt,9.021757,0.0,spot,trx,2022-08-15 03:27:30,2022,3
89465579,1660534051000.0,60095335,0.07102,26823.371,polo,trx-usdt,1904.99580842,0.0,spot,trx,2022-08-15 03:27:31,2022,3
89465580,1660534058000.0,60095336,0.07094,53.681000000000004,polo,trx-usdt,3.8081301400000003,0.0,spot,trx,2022-08-15 03:27:38,2022,3
89465581,1660534086000.0,60095337,0.07099,332.326,polo,trx-usdt,23.59182274,0.0,spot,trx,2022-08-15 03:28:06,2022,3
89465582,1660534086000.0,60095338,0.07099,333.91700000000003,polo,trx-usdt,23.70476783,0.0,spot,trx,2022-08-15 03:28:06,2022,3
89465583,1660534114000.0,60095339,0.07084,227.254,polo,trx-usdt,16.09867336,0.0,spot,trx,2022-08-15 03:28:34,2022,3
89465584,1660534116000.0,60095340,0.07092,47.355000000000004,polo,trx-usdt,3.3584166,0.0,spot,trx,2022-08-15 03:28:36,2022,3
89465585,1660534117000.0,60095341,0.07093,38.913999999999994,polo,trx-usdt,2.76017002,0.0,spot,trx,2022-08-15 03:28:37,2022,3
89465586,1660534123000.0,60095342,0.07093,1375.3569999999997,polo,trx-usdt,97.55407200999998,0.0,spot,trx,2022-08-15 03:28:43,2022,3
89465587,1660534152000.0,60095343,0.07093,33737.384,polo,trx-usdt,2392.99264712,0.0,spot,trx,2022-08-15 03:29:12,2022,3
89465588,1660534159000.0,60095344,0.07096,22089.571,polo,trx-usdt,1567.47595816,0.0,spot,trx,2022-08-15 03:29:19,2022,3
89465589,1660534181000.0,60095345,0.07095,122.07100000000001,polo,trx-usdt,8.66093745,0.0,spot,trx,2022-08-15 03:29:41,2022,3
89465590,1660534186000.0,60095346,0.07096,109.191,polo,trx-usdt,7.748193359999999,0.0,spot,trx,2022-08-15 03:29:46,2022,3
89465591,1660534203000.0,60095347,0.07098,21.304,polo,trx-usdt,1.51215792,0.0,spot,trx,2022-08-15 03:30:03,2022,3
89465592,1660534204000.0,60095348,0.07097,1748.7079999999999,polo,trx-usdt,124.10580676,0.0,spot,trx,2022-08-15 03:30:04,2022,3
89465593,1660534204000.0,60095349,0.07097,23.602999999999998,polo,trx-usdt,1.67510491,0.0,spot,trx,2022-08-15 03:30:04,2022,3
89465594,1660534225000.0,60095350,0.0709,135.712,polo,trx-usdt,9.6219808,0.0,spot,trx,2022-08-15 03:30:25,2022,3
89465595,1660534232000.0,60095351,0.07095,4231.398999999999,polo,trx-usdt,300.21775905,0.0,spot,trx,2022-08-15 03:30:32,2022,3
89465596,1660534232000.0,60095352,0.07095,4218.536,polo,trx-usdt,299.3051292,0.0,spot,trx,2022-08-15 03:30:32,2022,3
89465597,1660534243000.0,60095353,0.07095,2397.507,polo,trx-usdt,170.10312165,0.0,spot,trx,2022-08-15 03:30:43,2022,3
89465598,1660534246000.0,60095354,0.071,20607.585000000003,polo,trx-usdt,1463.138535,0.0,spot,trx,2022-08-15 03:30:46,2022,3
89465599,1660534257000.0,60095355,0.07098,23867.511000000002,polo,trx-usdt,1694.11593078,0.0,spot,trx,2022-08-15 03:30:57,2022,3
89465600,1660534264000.0,60095356,0.07097,37590.136,polo,trx-usdt,2667.77195192,0.0,spot,trx,2022-08-15 03:31:04,2022,3
89465601,1660534267000.0,60095357,0.07078,2990.762,polo,trx-usdt,211.68613436,0.0,spot,trx,2022-08-15 03:31:07,2022,3
89465602,1660534267000.0,60095358,0.07078,3001.6960000000004,polo,trx-usdt,212.46004288,0.0,spot,trx,2022-08-15 03:31:07,2022,3
89465603,1660534271000.0,60095359,0.07096,18774.638000000003,polo,trx-usdt,1332.24831248,0.0,spot,trx,2022-08-15 03:31:11,2022,3
89465604,1660534295000.0,60095360,0.07094,833.803,polo,trx-usdt,59.14998482,0.0,spot,trx,2022-08-15 03:31:35,2022,3
89465605,1660534295000.0,60095361,0.07094,836.8509999999999,polo,trx-usdt,59.36620994,0.0,spot,trx,2022-08-15 03:31:35,2022,3
89465606,1660534314000.0,60095362,0.07108,1406.8649999999998,polo,trx-usdt,99.9999642,0.0,spot,trx,2022-08-15 03:31:54,2022,3
89465607,1660534330000.0,60095363,0.07105,35720.472,polo,trx-usdt,2537.9395356,0.0,spot,trx,2022-08-15 03:32:10,2022,3
89465608,1660534338000.0,60095364,0.07103,11250.516000000001,polo,trx-usdt,799.12415148,0.0,spot,trx,2022-08-15 03:32:18,2022,3
89465609,1660534353000.0,60095365,0.07106,833.802,polo,trx-usdt,59.24997012,0.0,spot,trx,2022-08-15 03:32:33,2022,3
89465610,1660534358000.0,60095366,0.07111,24.034,polo,trx-usdt,1.70905774,0.0,spot,trx,2022-08-15 03:32:38,2022,3
89465611,1660534359000.0,60095367,0.07112,105.991,polo,trx-usdt,7.53807992,0.0,spot,trx,2022-08-15 03:32:39,2022,3
89465612,1660534360000.0,60095368,0.07111,679.101,polo,trx-usdt,48.29087211,0.0,spot,trx,2022-08-15 03:32:40,2022,3
89465613,1660534367000.0,60095369,0.07105,11968.807999999999,polo,trx-usdt,850.3838083999999,0.0,spot,trx,2022-08-15 03:32:47,2022,3
89465614,1660534382000.0,60095370,0.07106,18298.152,polo,trx-usdt,1300.26668112,0.0,spot,trx,2022-08-15 03:33:02,2022,3
89465615,1660534382000.0,60095371,0.07102,478.95099999999996,polo,trx-usdt,34.01510002,0.0,spot,trx,2022-08-15 03:33:02,2022,3
89465616,1660534405000.0,60095372,0.07104,8645.769,polo,trx-usdt,614.19542976,0.0,spot,trx,2022-08-15 03:33:25,2022,3
89465617,1660534423000.0,60095373,0.07105,215.471,polo,trx-usdt,15.30921455,0.0,spot,trx,2022-08-15 03:33:43,2022,3
89465618,1660534438000.0,60095374,0.07106,181.816,polo,trx-usdt,12.91984496,0.0,spot,trx,2022-08-15 03:33:58,2022,3
89465619,1660534440000.0,60095375,0.07106,5.14,polo,trx-usdt,0.3652484,0.0,spot,trx,2022-08-15 03:34:00,2022,3
89465620,1660534440000.0,60095376,0.07094,252.87399999999997,polo,trx-usdt,17.93888156,0.0,spot,trx,2022-08-15 03:34:00,2022,3
89465621,1660534445000.0,60095377,0.07105,21682.003999999997,polo,trx-usdt,1540.5063842,0.0,spot,trx,2022-08-15 03:34:05,2022,3
89465622,1660534451000.0,60095378,0.07105,6.253,polo,trx-usdt,0.44427565,0.0,spot,trx,2022-08-15 03:34:11,2022,3
89465623,1660534451000.0,60095379,0.07086,29.007999999999996,polo,trx-usdt,2.05550688,0.0,spot,trx,2022-08-15 03:34:11,2022,3
89465624,1660534452000.0,60095380,0.07104,29990.235999999997,polo,trx-usdt,2130.50636544,0.0,spot,trx,2022-08-15 03:34:12,2022,3
89465625,1660534459000.0,60095381,0.07106,491.489,polo,trx-usdt,34.92520834,0.0,spot,trx,2022-08-15 03:34:19,2022,3
89465626,1660534459000.0,60095382,0.07106,28203.010000000002,polo,trx-usdt,2004.1058906,0.0,spot,trx,2022-08-15 03:34:19,2022,3
89465627,1660534503000.0,60095383,0.07104,9669.321,polo,trx-usdt,686.90856384,0.0,spot,trx,2022-08-15 03:35:03,2022,3
89465628,1660534540000.0,60095384,0.07099,15649.965,polo,trx-usdt,1110.99101535,0.0,spot,trx,2022-08-15 03:35:40,2022,3
89465629,1660534540000.0,60095385,0.07099,129.32,polo,trx-usdt,9.1804268,0.0,spot,trx,2022-08-15 03:35:40,2022,3
89465630,1660534547000.0,60095386,0.071,18859.278000000002,polo,trx-usdt,1339.008738,0.0,spot,trx,2022-08-15 03:35:47,2022,3
89465631,1660534548000.0,60095387,0.071,368.154,polo,trx-usdt,26.138934,0.0,spot,trx,2022-08-15 03:35:48,2022,3
89465632,1660534551000.0,60095388,0.07091,1363.627,polo,trx-usdt,96.69479057,0.0,spot,trx,2022-08-15 03:35:51,2022,3
89465633,1660534555000.0,60095389,0.07101,19978.402,polo,trx-usdt,1418.66632602,0.0,spot,trx,2022-08-15 03:35:55,2022,3
89465634,1660534562000.0,60095390,0.07098,15277.024,polo,trx-usdt,1084.36316352,0.0,spot,trx,2022-08-15 03:36:02,2022,3
89465635,1660534562000.0,60095391,0.07098,22.598,polo,trx-usdt,1.60400604,0.0,spot,trx,2022-08-15 03:36:02,2022,3
89465636,1660534562000.0,60095392,0.07098,128.82999999999998,polo,trx-usdt,9.144353399999998,0.0,spot,trx,2022-08-15 03:36:02,2022,3
89465637,1660534573000.0,60095393,0.07091,77.888,polo,trx-usdt,5.52303808,0.0,spot,trx,2022-08-15 03:36:13,2022,3
89465638,1660534604000.0,60095394,0.07093,387.193,polo,trx-usdt,27.46359949,0.0,spot,trx,2022-08-15 03:36:44,2022,3
89465639,1660534614000.0,60095395,0.07104,29640.014999999996,polo,trx-usdt,2105.6266656,0.0,spot,trx,2022-08-15 03:36:54,2022,3
89465640,1660534621000.0,60095396,0.07108,16352.08,polo,trx-usdt,1162.3058464,0.0,spot,trx,2022-08-15 03:37:01,2022,3
89465641,1660534643000.0,60095397,0.07108,39754.653,polo,trx-usdt,2825.76073524,0.0,spot,trx,2022-08-15 03:37:23,2022,3
89465642,1660534650000.0,60095398,0.07111,17707.691,polo,trx-usdt,1259.19390701,0.0,spot,trx,2022-08-15 03:37:30,2022,3
89465643,1660534668000.0,60095399,0.07117,15.825999999999999,polo,trx-usdt,1.12633642,0.0,spot,trx,2022-08-15 03:37:48,2022,3
89465644,1660534742000.0,60095400,0.07117,27.433000000000003,polo,trx-usdt,1.9524066100000002,0.0,spot,trx,2022-08-15 03:39:02,2022,3
89465645,1660534752000.0,60095401,0.07113,17251.556,polo,trx-usdt,1227.10317828,0.0,spot,trx,2022-08-15 03:39:12,2022,3
89465646,1660534760000.0,60095402,0.07111,5146.227,polo,trx-usdt,365.94820197,0.0,spot,trx,2022-08-15 03:39:20,2022,3
89465647,1660534763000.0,60095403,0.07111,24.387999999999998,polo,trx-usdt,1.73423068,0.0,spot,trx,2022-08-15 03:39:23,2022,3
89465648,1660534775000.0,60095404,0.0711,1325.492,polo,trx-usdt,94.24248119999999,0.0,spot,trx,2022-08-15 03:39:35,2022,3
89465649,1660534775000.0,60095405,0.0711,1330.3380000000002,polo,trx-usdt,94.5870318,0.0,spot,trx,2022-08-15 03:39:35,2022,3
89465650,1660534789000.0,60095406,0.07111,13165.922999999999,polo,trx-usdt,936.22878453,0.0,spot,trx,2022-08-15 03:39:49,2022,3
89465651,1660534796000.0,60095407,0.07109,6067.6759999999995,polo,trx-usdt,431.35108684,0.0,spot,trx,2022-08-15 03:39:56,2022,3
89465652,1660534825000.0,60095408,0.07116,6237.621999999999,polo,trx-usdt,443.86918152,0.0,spot,trx,2022-08-15 03:40:25,2022,3
89465653,1660534833000.0,60095409,0.07114,17578.171000000002,polo,trx-usdt,1250.51108494,0.0,spot,trx,2022-08-15 03:40:33,2022,3
89465654,1660534833000.0,60095410,0.07114,853.581,polo,trx-usdt,60.72375234,0.0,spot,trx,2022-08-15 03:40:33,2022,3
89465655,1660534840000.0,60095411,0.07113,14860.604,polo,trx-usdt,1057.03476252,0.0,spot,trx,2022-08-15 03:40:40,2022,3
89465656,1660534847000.0,60095412,0.07111,9803.401,polo,trx-usdt,697.11984511,0.0,spot,trx,2022-08-15 03:40:47,2022,3
89465657,1660534854000.0,60095413,0.07111,16803.196,polo,trx-usdt,1194.87526756,0.0,spot,trx,2022-08-15 03:40:54,2022,3
89465658,1660534869000.0,60095414,0.07114,7028.394000000001,polo,trx-usdt,499.99994916,0.0,spot,trx,2022-08-15 03:41:09,2022,3
89465659,1660534875000.0,60095415,0.07103,82.545,polo,trx-usdt,5.86317135,0.0,spot,trx,2022-08-15 03:41:15,2022,3
89465660,1660534976000.0,60095416,0.07103,30926.124,polo,trx-usdt,2196.68258772,0.0,spot,trx,2022-08-15 03:42:56,2022,3
89465661,1660534978000.0,60095417,0.07103,107.759,polo,trx-usdt,7.65412177,0.0,spot,trx,2022-08-15 03:42:58,2022,3
89465662,1660534985000.0,60095418,0.07104,10984.675,polo,trx-usdt,780.351312,0.0,spot,trx,2022-08-15 03:43:05,2022,3
89465663,1660534993000.0,60095419,0.07097,11929.573999999999,polo,trx-usdt,846.64186678,0.0,spot,trx,2022-08-15 03:43:13,2022,3
89465664,1660535000000.0,60095420,0.07094,14068.641,polo,trx-usdt,998.02939254,0.0,spot,trx,2022-08-15 03:43:20,2022,3
89465665,1660535003000.0,60095421,0.07094,265.76599999999996,polo,trx-usdt,18.85344004,0.0,spot,trx,2022-08-15 03:43:23,2022,3
89465666,1660535004000.0,60095422,0.07094,0.0009999999999999998,polo,trx-usdt,7.094e-05,0.0,spot,trx,2022-08-15 03:43:24,2022,3
89465667,1660535007000.0,60095423,0.07095,216.04100000000003,polo,trx-usdt,15.32810895,0.0,spot,trx,2022-08-15 03:43:27,2022,3
89465668,1660535007000.0,60095424,0.07095,14033.296,polo,trx-usdt,995.6623512,0.0,spot,trx,2022-08-15 03:43:27,2022,3
89465669,1660535009000.0,60095425,0.07095,152.205,polo,trx-usdt,10.79894475,0.0,spot,trx,2022-08-15 03:43:29,2022,3
89465670,1660535015000.0,60095426,0.07094,19062.025999999998,polo,trx-usdt,1352.26012444,0.0,spot,trx,2022-08-15 03:43:35,2022,3
89465671,1660535020000.0,60095427,0.07094,16.311,polo,trx-usdt,1.15710234,0.0,spot,trx,2022-08-15 03:43:40,2022,3
89465672,1660535022000.0,60095428,0.07091,13002.686,polo,trx-usdt,922.02046426,0.0,spot,trx,2022-08-15 03:43:42,2022,3
89465673,1660535022000.0,60095429,0.07091,108.15599999999999,polo,trx-usdt,7.66934196,0.0,spot,trx,2022-08-15 03:43:42,2022,3
89465674,1660535044000.0,60095430,0.07088,16433.341,polo,trx-usdt,1164.79521008,0.0,spot,trx,2022-08-15 03:44:04,2022,3
89465675,1660535049000.0,60095431,0.07088,244.969,polo,trx-usdt,17.36340272,0.0,spot,trx,2022-08-15 03:44:09,2022,3
89465676,1660535049000.0,60095432,0.07096,1788.0900000000001,polo,trx-usdt,126.8828664,0.0,spot,trx,2022-08-15 03:44:09,2022,3
89465677,1660535052000.0,60095433,0.07087,15487.371,polo,trx-usdt,1097.58998277,0.0,spot,trx,2022-08-15 03:44:12,2022,3
89465678,1660535055000.0,60095434,0.07087,100.63799999999999,polo,trx-usdt,7.13221506,0.0,spot,trx,2022-08-15 03:44:15,2022,3
89465679,1660535056000.0,60095435,0.07094,844.595,polo,trx-usdt,59.9155693,0.0,spot,trx,2022-08-15 03:44:16,2022,3
89465680,1660535059000.0,60095436,0.0708,13391.539999999999,polo,trx-usdt,948.121032,0.0,spot,trx,2022-08-15 03:44:19,2022,3
89465681,1660535066000.0,60095437,0.07091,293.95500000000004,polo,trx-usdt,20.84434905,0.0,spot,trx,2022-08-15 03:44:26,2022,3
89465682,1660535067000.0,60095438,0.07084,10360.983,polo,trx-usdt,733.97203572,0.0,spot,trx,2022-08-15 03:44:27,2022,3
89465683,1660535089000.0,60095439,0.07083,1257.926,polo,trx-usdt,89.09889858,0.0,spot,trx,2022-08-15 03:44:49,2022,3
89465684,1660535089000.0,60095440,0.07083,796.079,polo,trx-usdt,56.38627557,0.0,spot,trx,2022-08-15 03:44:49,2022,3
89465685,1660535091000.0,60095441,0.07083,68.351,polo,trx-usdt,4.84130133,0.0,spot,trx,2022-08-15 03:44:51,2022,3
89465686,1660535096000.0,60095442,0.07083,248.807,polo,trx-usdt,17.62299981,0.0,spot,trx,2022-08-15 03:44:56,2022,3
89465687,1660535136000.0,60095443,0.07079,2267.0499999999997,polo,trx-usdt,160.4844695,0.0,spot,trx,2022-08-15 03:45:36,2022,3
89465688,1660535136000.0,60095444,0.07079,2259.499,polo,trx-usdt,159.94993421,0.0,spot,trx,2022-08-15 03:45:36,2022,3
89465689,1660535175000.0,60095445,0.07078,102.325,polo,trx-usdt,7.2425635,0.0,spot,trx,2022-08-15 03:46:15,2022,3
89465690,1660535177000.0,60095446,0.07079,34.157999999999994,polo,trx-usdt,2.41804482,0.0,spot,trx,2022-08-15 03:46:17,2022,3
89465691,1660535197000.0,60095447,0.07079,119.47299999999998,polo,trx-usdt,8.45749367,0.0,spot,trx,2022-08-15 03:46:37,2022,3
89465692,1660535200000.0,60095448,0.07079,1427.3189999999997,polo,trx-usdt,101.03991201,0.0,spot,trx,2022-08-15 03:46:40,2022,3
