	uid	time	trade_id	price	amount	exchange	instrmnt	vol_dllr	sell2	Class	Asset	datetime	year	hour
12793368	20582241	1660521601397.0	20370522	0.0869	171.0	binc	tru-usdt	14.8599	1.0	spot	tru	2022-08-15 00:00:01.396999936	2022	0
12793369	20582242	1660521630572.0	20370523	0.0868	120.0	binc	tru-usdt	10.416	0.0	spot	tru	2022-08-15 00:00:30.572000000	2022	0
12793370	20582243	1660521654452.0	20370524	0.0867	8303.0	binc	tru-usdt	719.8701	0.0	spot	tru	2022-08-15 00:00:54.452000000	2022	0
12793371	20582244	1660521654462.0	20370525	0.0867	5017.0	binc	tru-usdt	434.9739	0.0	spot	tru	2022-08-15 00:00:54.462000128	2022	0
12793372	20582245	1660521654581.0	20370526	0.0866	122.0	binc	tru-usdt	10.5652	0.0	spot	tru	2022-08-15 00:00:54.580999936	2022	0
12793373	20582246	1660521654602.0	20370527	0.0866	674.0	binc	tru-usdt	58.3684	0.0	spot	tru	2022-08-15 00:00:54.601999872	2022	0
12793374	20582247	1660521655861.0	20370528	0.0867	671.0	binc	tru-usdt	58.1757	1.0	spot	tru	2022-08-15 00:00:55.860999936	2022	0
12793375	20582248	1660521761328.0	20370529	0.0866	329.0	binc	tru-usdt	28.4914	1.0	spot	tru	2022-08-15 00:02:41.328000000	2022	0
12793377	20582250	1660521765210.0	20370530	0.0866	1473.0	binc	tru-usdt	127.5618	0.0	spot	tru	2022-08-15 00:02:45.209999872	2022	0
12793378	20582251	1660521765210.0	20370531	0.0865	48.0	binc	tru-usdt	4.151999999999999	0.0	spot	tru	2022-08-15 00:02:45.209999872	2022	0
12793379	20582252	1660521827170.0	20370532	0.0865	4255.0	binc	tru-usdt	368.0575	0.0	spot	tru	2022-08-15 00:03:47.169999872	2022	0
12793380	20582253	1660521941327.0	20370533	0.0865	1012.0	binc	tru-usdt	87.538	0.0	spot	tru	2022-08-15 00:05:41.327000064	2022	0
12793381	20582254	1660521941327.0	20370534	0.0865	231.0	binc	tru-usdt	19.9815	0.0	spot	tru	2022-08-15 00:05:41.327000064	2022	0
12793382	20582255	1660521941327.0	20370535	0.0865	313.0	binc	tru-usdt	27.0745	0.0	spot	tru	2022-08-15 00:05:41.327000064	2022	0
12793383	20582256	1660521941327.0	20370536	0.0865	4577.0	binc	tru-usdt	395.9105	0.0	spot	tru	2022-08-15 00:05:41.327000064	2022	0
12793384	20582257	1660521941327.0	20370537	0.0865	836.0	binc	tru-usdt	72.314	0.0	spot	tru	2022-08-15 00:05:41.327000064	2022	0
12793385	20582258	1660521953976.0	20370538	0.0865	116.0	binc	tru-usdt	10.034	0.0	spot	tru	2022-08-15 00:05:53.976000000	2022	0
12793386	20582259	1660521954173.0	20370539	0.0865	224.0	binc	tru-usdt	19.376	0.0	spot	tru	2022-08-15 00:05:54.172999936	2022	0
12793388	20582261	1660521954187.0	20370540	0.0865	224.0	binc	tru-usdt	19.376	0.0	spot	tru	2022-08-15 00:05:54.187000064	2022	0
12793389	20582262	1660521954199.0	20370541	0.0865	22557.0	binc	tru-usdt	1951.1805	0.0	spot	tru	2022-08-15 00:05:54.199000064	2022	0
12793390	20582263	1660521954199.0	20370542	0.0865	5120.0	binc	tru-usdt	442.88	0.0	spot	tru	2022-08-15 00:05:54.199000064	2022	0
12793391	20582264	1660521954199.0	20370543	0.0864	434.0	binc	tru-usdt	37.4976	0.0	spot	tru	2022-08-15 00:05:54.199000064	2022	0
12793392	20582265	1660521954199.0	20370544	0.0864	410.0	binc	tru-usdt	35.424	0.0	spot	tru	2022-08-15 00:05:54.199000064	2022	0
12793393	20582266	1660521954199.0	20370545	0.0864	965.0	binc	tru-usdt	83.376	0.0	spot	tru	2022-08-15 00:05:54.199000064	2022	0
12793394	20582267	1660521954252.0	20370546	0.0863	579.0	binc	tru-usdt	49.9677	0.0	spot	tru	2022-08-15 00:05:54.252000000	2022	0
12793395	20582268	1660521954252.0	20370547	0.0863	514.0	binc	tru-usdt	44.3582	0.0	spot	tru	2022-08-15 00:05:54.252000000	2022	0
12793396	20582269	1660521954252.0	20370548	0.0863	691.0	binc	tru-usdt	59.6333	0.0	spot	tru	2022-08-15 00:05:54.252000000	2022	0
12793397	20582270	1660521954252.0	20370549	0.0862	129.0	binc	tru-usdt	11.1198	0.0	spot	tru	2022-08-15 00:05:54.252000000	2022	0
12793399	20582272	1660521954252.0	20370550	0.0862	2055.0	binc	tru-usdt	177.141	0.0	spot	tru	2022-08-15 00:05:54.252000000	2022	0
12793400	20582273	1660521954252.0	20370551	0.0862	3175.0	binc	tru-usdt	273.685	0.0	spot	tru	2022-08-15 00:05:54.252000000	2022	0
12793401	20582274	1660521954252.0	20370552	0.0861	117.0	binc	tru-usdt	10.0737	0.0	spot	tru	2022-08-15 00:05:54.252000000	2022	0
12793402	20582275	1660521954252.0	20370553	0.0861	232.0	binc	tru-usdt	19.9752	0.0	spot	tru	2022-08-15 00:05:54.252000000	2022	0
12793403	20582276	1660521954252.0	20370554	0.0861	314.0	binc	tru-usdt	27.0354	0.0	spot	tru	2022-08-15 00:05:54.252000000	2022	0
12793404	20582277	1660521954252.0	20370555	0.0861	3555.0	binc	tru-usdt	306.0855	0.0	spot	tru	2022-08-15 00:05:54.252000000	2022	0
12793405	20582278	1660521954452.0	20370556	0.0864	1561.0	binc	tru-usdt	134.87040000000002	1.0	spot	tru	2022-08-15 00:05:54.452000000	2022	0
12793406	20582279	1660521955888.0	20370557	0.0864	627.0	binc	tru-usdt	54.1728	1.0	spot	tru	2022-08-15 00:05:55.888000000	2022	0
12793407	20582280	1660521972010.0	20370558	0.0864	512.0	binc	tru-usdt	44.2368	1.0	spot	tru	2022-08-15 00:06:12.009999872	2022	0
12793408	20582281	1660521972010.0	20370559	0.0864	1169.0	binc	tru-usdt	101.0016	1.0	spot	tru	2022-08-15 00:06:12.009999872	2022	0
12793410	20582283	1660521972010.0	20370560	0.0864	2630.0	binc	tru-usdt	227.232	1.0	spot	tru	2022-08-15 00:06:12.009999872	2022	0
12793411	20582284	1660521975197.0	20370561	0.0864	302.0	binc	tru-usdt	26.0928	1.0	spot	tru	2022-08-15 00:06:15.196999936	2022	0
12793412	20582285	1660521989778.0	20370562	0.0864	648.0	binc	tru-usdt	55.9872	1.0	spot	tru	2022-08-15 00:06:29.777999872	2022	0
12793413	20582286	1660522116853.0	20370563	0.0862	2030.0	binc	tru-usdt	174.986	0.0	spot	tru	2022-08-15 00:08:36.852999936	2022	0
12793414	20582287	1660522116853.0	20370564	0.0862	2293.0	binc	tru-usdt	197.6566	0.0	spot	tru	2022-08-15 00:08:36.852999936	2022	0
12793415	20582288	1660522124986.0	20370565	0.0862	243.0	binc	tru-usdt	20.9466	1.0	spot	tru	2022-08-15 00:08:44.985999872	2022	0
12793416	20582289	1660522140740.0	20370566	0.0862	1477.0	binc	tru-usdt	127.3174	1.0	spot	tru	2022-08-15 00:09:00.740000000	2022	0
12793417	20582290	1660522187025.0	20370567	0.0863	500.0	binc	tru-usdt	43.15	1.0	spot	tru	2022-08-15 00:09:47.024999936	2022	0
12793418	20582291	1660522197787.0	20370568	0.0862	737.0	binc	tru-usdt	63.5294	0.0	spot	tru	2022-08-15 00:09:57.787000064	2022	0
12793419	20582292	1660522197787.0	20370569	0.0862	407.0	binc	tru-usdt	35.0834	0.0	spot	tru	2022-08-15 00:09:57.787000064	2022	0
12793421	20582294	1660522261231.0	20370570	0.0862	601.0	binc	tru-usdt	51.8062	1.0	spot	tru	2022-08-15 00:11:01.231000064	2022	0
12793422	20582295	1660522397349.0	20370571	0.086	581.0	binc	tru-usdt	49.966	0.0	spot	tru	2022-08-15 00:13:17.348999936	2022	0
12793423	20582296	1660522397349.0	20370572	0.086	655.0	binc	tru-usdt	56.33	0.0	spot	tru	2022-08-15 00:13:17.348999936	2022	0
12793424	20582297	1660522397349.0	20370573	0.086	267.0	binc	tru-usdt	22.962	0.0	spot	tru	2022-08-15 00:13:17.348999936	2022	0
12793425	20582298	1660522397349.0	20370574	0.086	134.0	binc	tru-usdt	11.524	0.0	spot	tru	2022-08-15 00:13:17.348999936	2022	0
12793426	20582299	1660522397349.0	20370575	0.086	133.0	binc	tru-usdt	11.438	0.0	spot	tru	2022-08-15 00:13:17.348999936	2022	0
12793427	20582300	1660522397349.0	20370576	0.086	1000.0	binc	tru-usdt	86.0	0.0	spot	tru	2022-08-15 00:13:17.348999936	2022	0
12793428	20582301	1660522397527.0	20370577	0.086	117.0	binc	tru-usdt	10.062	1.0	spot	tru	2022-08-15 00:13:17.527000064	2022	0
12793429	20582302	1660522399922.0	20370578	0.086	649.0	binc	tru-usdt	55.81399999999999	1.0	spot	tru	2022-08-15 00:13:19.921999872	2022	0
12793430	20582303	1660522461912.0	20370579	0.086	429.0	binc	tru-usdt	36.894	1.0	spot	tru	2022-08-15 00:14:21.912000000	2022	0
12793432	20582305	1660522461936.0	20370580	0.086	514.0	binc	tru-usdt	44.20399999999999	1.0	spot	tru	2022-08-15 00:14:21.936000000	2022	0
12793433	20582306	1660522513013.0	20370581	0.0859	428.0	binc	tru-usdt	36.7652	0.0	spot	tru	2022-08-15 00:15:13.012999936	2022	0
12793434	20582307	1660522513031.0	20370582	0.0859	8.0	binc	tru-usdt	0.6872	0.0	spot	tru	2022-08-15 00:15:13.031000064	2022	0
12793435	20582308	1660522513031.0	20370583	0.0859	431.0	binc	tru-usdt	37.0229	0.0	spot	tru	2022-08-15 00:15:13.031000064	2022	0
12793436	20582309	1660522559572.0	20370584	0.086	2700.0	binc	tru-usdt	232.2	1.0	spot	tru	2022-08-15 00:15:59.572000000	2022	0
12793437	20582310	1660522559572.0	20370585	0.086	514.0	binc	tru-usdt	44.20399999999999	1.0	spot	tru	2022-08-15 00:15:59.572000000	2022	0
12793438	20582311	1660522619282.0	20370586	0.086	2325.0	binc	tru-usdt	199.95	0.0	spot	tru	2022-08-15 00:16:59.281999872	2022	0
12793439	20582312	1660522676778.0	20370587	0.086	514.0	binc	tru-usdt	44.20399999999999	1.0	spot	tru	2022-08-15 00:17:56.777999872	2022	0
12793440	20582313	1660522676778.0	20370588	0.086	1169.0	binc	tru-usdt	100.534	1.0	spot	tru	2022-08-15 00:17:56.777999872	2022	0
12793441	20582314	1660522676808.0	20370589	0.086	1169.0	binc	tru-usdt	100.534	1.0	spot	tru	2022-08-15 00:17:56.808000000	2022	0
12793443	20582316	1660522676835.0	20370590	0.086	1169.0	binc	tru-usdt	100.534	1.0	spot	tru	2022-08-15 00:17:56.835000064	2022	0
12793444	20582317	1660522676853.0	20370591	0.086	1169.0	binc	tru-usdt	100.534	1.0	spot	tru	2022-08-15 00:17:56.852999936	2022	0
12793445	20582318	1660522676864.0	20370592	0.086	1169.0	binc	tru-usdt	100.534	1.0	spot	tru	2022-08-15 00:17:56.864000000	2022	0
12793446	20582319	1660522687314.0	20370593	0.0861	668.0	binc	tru-usdt	57.5148	1.0	spot	tru	2022-08-15 00:18:07.313999872	2022	0
12793447	20582320	1660522716465.0	20370594	0.0862	4063.0	binc	tru-usdt	350.2306	1.0	spot	tru	2022-08-15 00:18:36.464999936	2022	0
12793448	20582321	1660522716465.0	20370595	0.0862	514.0	binc	tru-usdt	44.3068	1.0	spot	tru	2022-08-15 00:18:36.464999936	2022	0
12793449	20582322	1660522716465.0	20370596	0.0862	1089.0	binc	tru-usdt	93.8718	1.0	spot	tru	2022-08-15 00:18:36.464999936	2022	0
12793450	20582323	1660522716813.0	20370597	0.0862	410.0	binc	tru-usdt	35.342	1.0	spot	tru	2022-08-15 00:18:36.812999936	2022	0
12793451	20582324	1660522755378.0	20370598	0.0863	179.0	binc	tru-usdt	15.4477	1.0	spot	tru	2022-08-15 00:19:15.377999872	2022	0
12793452	20582325	1660522838989.0	20370599	0.0861	2322.0	binc	tru-usdt	199.9242	0.0	spot	tru	2022-08-15 00:20:38.988999936	2022	0
12793454	20582327	1660522838989.0	20370600	0.0861	459.0	binc	tru-usdt	39.5199	0.0	spot	tru	2022-08-15 00:20:38.988999936	2022	0
12793455	20582328	1660522857328.0	20370601	0.0863	176.0	binc	tru-usdt	15.1888	1.0	spot	tru	2022-08-15 00:20:57.328000000	2022	0
12793456	20582329	1660522868254.0	20370602	0.0864	231.0	binc	tru-usdt	19.9584	0.0	spot	tru	2022-08-15 00:21:08.254000128	2022	0
12793457	20582330	1660522927394.0	20370603	0.0864	119.0	binc	tru-usdt	10.2816	0.0	spot	tru	2022-08-15 00:22:07.393999872	2022	0
12793458	20582331	1660522927864.0	20370604	0.0864	933.0	binc	tru-usdt	80.61120000000001	0.0	spot	tru	2022-08-15 00:22:07.864000000	2022	0
12793459	20582332	1660522968464.0	20370605	0.0863	1052.0	binc	tru-usdt	90.7876	0.0	spot	tru	2022-08-15 00:22:48.464000000	2022	0
12793460	20582333	1660522968464.0	20370606	0.0863	2700.0	binc	tru-usdt	233.01	0.0	spot	tru	2022-08-15 00:22:48.464000000	2022	0
12793461	20582334	1660522968464.0	20370607	0.0862	416.0	binc	tru-usdt	35.8592	0.0	spot	tru	2022-08-15 00:22:48.464000000	2022	0
12793462	20582335	1660522995544.0	20370608	0.0862	636.0	binc	tru-usdt	54.8232	0.0	spot	tru	2022-08-15 00:23:15.544000000	2022	0
12793463	20582336	1660522995544.0	20370609	0.0862	2700.0	binc	tru-usdt	232.74	0.0	spot	tru	2022-08-15 00:23:15.544000000	2022	0
12793465	20582338	1660522995544.0	20370610	0.0862	1000.0	binc	tru-usdt	86.2	0.0	spot	tru	2022-08-15 00:23:15.544000000	2022	0
12793466	20582339	1660522995544.0	20370611	0.0861	2062.0	binc	tru-usdt	177.5382	0.0	spot	tru	2022-08-15 00:23:15.544000000	2022	0
12793467	20582340	1660522995544.0	20370612	0.0861	1987.0	binc	tru-usdt	171.08069999999998	0.0	spot	tru	2022-08-15 00:23:15.544000000	2022	0
12793468	20582341	1660522995851.0	20370613	0.0862	1052.0	binc	tru-usdt	90.6824	0.0	spot	tru	2022-08-15 00:23:15.851000064	2022	0
12793469	20582342	1660523068581.0	20370614	0.0861	136.0	binc	tru-usdt	11.7096	0.0	spot	tru	2022-08-15 00:24:28.580999936	2022	0
12793470	20582343	1660523120907.0	20370615	0.0862	514.0	binc	tru-usdt	44.3068	1.0	spot	tru	2022-08-15 00:25:20.907000064	2022	0
12793471	20582344	1660523121980.0	20370616	0.0862	306.0	binc	tru-usdt	26.3772	1.0	spot	tru	2022-08-15 00:25:21.980000000	2022	0
12793472	20582345	1660523152111.0	20370617	0.0862	232.0	binc	tru-usdt	19.9984	1.0	spot	tru	2022-08-15 00:25:52.111000064	2022	0
12793473	20582346	1660523152111.0	20370618	0.0862	6.0	binc	tru-usdt	0.5172	1.0	spot	tru	2022-08-15 00:25:52.111000064	2022	0
12793474	20582347	1660523167254.0	20370619	0.0862	358.0	binc	tru-usdt	30.8596	1.0	spot	tru	2022-08-15 00:26:07.254000128	2022	0
12793476	20582349	1660523222873.0	20370620	0.0862	240.0	binc	tru-usdt	20.688	1.0	spot	tru	2022-08-15 00:27:02.872999936	2022	0
12793477	20582350	1660523268565.0	20370621	0.0862	116.0	binc	tru-usdt	9.9992	1.0	spot	tru	2022-08-15 00:27:48.564999936	2022	0
12793478	20582351	1660523269863.0	20370622	0.0862	145.0	binc	tru-usdt	12.499	1.0	spot	tru	2022-08-15 00:27:49.863000064	2022	0
12793479	20582352	1660523377440.0	20370623	0.0861	1052.0	binc	tru-usdt	90.5772	0.0	spot	tru	2022-08-15 00:29:37.440000000	2022	0
12793480	20582353	1660523377440.0	20370624	0.086	103.0	binc	tru-usdt	8.857999999999999	0.0	spot	tru	2022-08-15 00:29:37.440000000	2022	0
12793481	20582354	1660523377519.0	20370625	0.0861	124.0	binc	tru-usdt	10.6764	0.0	spot	tru	2022-08-15 00:29:37.519000064	2022	0
12793482	20582355	1660523536664.0	20370626	0.0862	1200.0	binc	tru-usdt	103.44	1.0	spot	tru	2022-08-15 00:32:16.664000000	2022	0
12793483	20582356	1660523536676.0	20370627	0.0862	635.0	binc	tru-usdt	54.737	1.0	spot	tru	2022-08-15 00:32:16.676000000	2022	0
12793484	20582357	1660523540746.0	20370628	0.0863	238.0	binc	tru-usdt	20.5394	1.0	spot	tru	2022-08-15 00:32:20.745999872	2022	0
12793485	20582358	1660523606386.0	20370629	0.0864	947.0	binc	tru-usdt	81.8208	1.0	spot	tru	2022-08-15 00:33:26.385999872	2022	0
12793487	20582360	1660523607198.0	20370630	0.0864	170.0	binc	tru-usdt	14.688	0.0	spot	tru	2022-08-15 00:33:27.198000128	2022	0
12793488	20582361	1660523607412.0	20370631	0.0865	436.0	binc	tru-usdt	37.714	1.0	spot	tru	2022-08-15 00:33:27.412000000	2022	0
12793489	20582362	1660523607412.0	20370632	0.0865	643.0	binc	tru-usdt	55.6195	1.0	spot	tru	2022-08-15 00:33:27.412000000	2022	0
12793490	20582363	1660523643006.0	20370633	0.0865	2180.0	binc	tru-usdt	188.57	1.0	spot	tru	2022-08-15 00:34:03.006000128	2022	0
12793491	20582364	1660523644027.0	20370634	0.0865	627.0	binc	tru-usdt	54.2355	0.0	spot	tru	2022-08-15 00:34:04.027000064	2022	0
12793492	20582365	1660523659013.0	20370635	0.0867	232.0	binc	tru-usdt	20.1144	1.0	spot	tru	2022-08-15 00:34:19.012999936	2022	0
12793493	20582366	1660523659013.0	20370636	0.0867	314.0	binc	tru-usdt	27.2238	1.0	spot	tru	2022-08-15 00:34:19.012999936	2022	0
12793494	20582367	1660523659013.0	20370637	0.0867	786.0	binc	tru-usdt	68.1462	1.0	spot	tru	2022-08-15 00:34:19.012999936	2022	0
12793495	20582368	1660523663930.0	20370638	0.0867	628.0	binc	tru-usdt	54.4476	0.0	spot	tru	2022-08-15 00:34:23.929999872	2022	0
12793496	20582369	1660523689000.0	20370639	0.0867	224.0	binc	tru-usdt	19.4208	0.0	spot	tru	2022-08-15 00:34:49.000000000	2022	0
12793498	20582371	1660523729152.0	20370640	0.0868	243.0	binc	tru-usdt	21.0924	1.0	spot	tru	2022-08-15 00:35:29.152000000	2022	0
12793499	20582372	1660523729152.0	20370641	0.0868	3529.0	binc	tru-usdt	306.3172	1.0	spot	tru	2022-08-15 00:35:29.152000000	2022	0
12793500	20582373	1660523729162.0	20370642	0.0868	4343.0	binc	tru-usdt	376.9724	1.0	spot	tru	2022-08-15 00:35:29.161999872	2022	0
12793501	20582374	1660523737634.0	20370643	0.087	139.0	binc	tru-usdt	12.093	1.0	spot	tru	2022-08-15 00:35:37.633999872	2022	0
12793502	20582375	1660523749946.0	20370644	0.0869	627.0	binc	tru-usdt	54.4863	0.0	spot	tru	2022-08-15 00:35:49.945999872	2022	0
12793503	20582376	1660523771090.0	20370645	0.087	295.0	binc	tru-usdt	25.665	1.0	spot	tru	2022-08-15 00:36:11.089999872	2022	0
12793504	20582377	1660523771090.0	20370646	0.087	134.0	binc	tru-usdt	11.658	1.0	spot	tru	2022-08-15 00:36:11.089999872	2022	0
12793505	20582378	1660523782611.0	20370647	0.0869	218.0	binc	tru-usdt	18.9442	0.0	spot	tru	2022-08-15 00:36:22.611000064	2022	0
12793506	20582379	1660523827270.0	20370648	0.0871	231.0	binc	tru-usdt	20.1201	1.0	spot	tru	2022-08-15 00:37:07.270000128	2022	0
12793507	20582380	1660523827270.0	20370649	0.0871	245.0	binc	tru-usdt	21.3395	1.0	spot	tru	2022-08-15 00:37:07.270000128	2022	0
12793509	20582382	1660523832330.0	20370650	0.087	450.0	binc	tru-usdt	39.15	0.0	spot	tru	2022-08-15 00:37:12.329999872	2022	0
12793510	20582383	1660523840880.0	20370651	0.0869	102.0	binc	tru-usdt	8.863800000000001	0.0	spot	tru	2022-08-15 00:37:20.880000000	2022	0
12793511	20582384	1660523840880.0	20370652	0.0869	914.0	binc	tru-usdt	79.42660000000001	0.0	spot	tru	2022-08-15 00:37:20.880000000	2022	0
12793512	20582385	1660523840905.0	20370653	0.0869	947.0	binc	tru-usdt	82.2943	0.0	spot	tru	2022-08-15 00:37:20.904999936	2022	0
12793513	20582386	1660523840929.0	20370654	0.0869	947.0	binc	tru-usdt	82.2943	0.0	spot	tru	2022-08-15 00:37:20.928999936	2022	0
12793514	20582387	1660523917631.0	20370655	0.0869	119.0	binc	tru-usdt	10.3411	0.0	spot	tru	2022-08-15 00:38:37.631000064	2022	0
12793515	20582388	1660523921904.0	20370656	0.0869	124.0	binc	tru-usdt	10.7756	0.0	spot	tru	2022-08-15 00:38:41.904000000	2022	0
12793516	20582389	1660523922014.0	20370657	0.0869	1079.0	binc	tru-usdt	93.7651	0.0	spot	tru	2022-08-15 00:38:42.014000128	2022	0
12793517	20582390	1660523928659.0	20370658	0.0869	123.0	binc	tru-usdt	10.6887	0.0	spot	tru	2022-08-15 00:38:48.659000064	2022	0
12793518	20582391	1660523929223.0	20370659	0.0869	118.0	binc	tru-usdt	10.2542	0.0	spot	tru	2022-08-15 00:38:49.223000064	2022	0
12793520	20582393	1660523930592.0	20370660	0.0869	117.0	binc	tru-usdt	10.1673	0.0	spot	tru	2022-08-15 00:38:50.592000000	2022	0
12793521	20582394	1660523931280.0	20370661	0.0869	2162.0	binc	tru-usdt	187.8778	0.0	spot	tru	2022-08-15 00:38:51.280000000	2022	0
12793522	20582395	1660523931288.0	20370662	0.0869	180.0	binc	tru-usdt	15.642	0.0	spot	tru	2022-08-15 00:38:51.288000000	2022	0
12793523	20582396	1660523938385.0	20370663	0.0869	117.0	binc	tru-usdt	10.1673	0.0	spot	tru	2022-08-15 00:38:58.384999936	2022	0
12793524	20582397	1660523992089.0	20370664	0.0869	121.0	binc	tru-usdt	10.5149	0.0	spot	tru	2022-08-15 00:39:52.088999936	2022	0
12793525	20582398	1660523992659.0	20370665	0.0869	125.0	binc	tru-usdt	10.8625	0.0	spot	tru	2022-08-15 00:39:52.659000064	2022	0
12793526	20582399	1660524003036.0	20370666	0.0869	117.0	binc	tru-usdt	10.1673	0.0	spot	tru	2022-08-15 00:40:03.036000000	2022	0
12793527	20582400	1660524074674.0	20370667	0.0869	120.0	binc	tru-usdt	10.428	0.0	spot	tru	2022-08-15 00:41:14.673999872	2022	0
12793528	20582401	1660524079704.0	20370668	0.0869	2217.0	binc	tru-usdt	192.6573	0.0	spot	tru	2022-08-15 00:41:19.704000000	2022	0
12793529	20582402	1660524079704.0	20370669	0.0869	1614.0	binc	tru-usdt	140.25660000000002	0.0	spot	tru	2022-08-15 00:41:19.704000000	2022	0
12793531	20582404	1660524394676.0	20370670	0.0869	1101.0	binc	tru-usdt	95.6769	0.0	spot	tru	2022-08-15 00:46:34.676000000	2022	0
12793532	20582405	1660524529253.0	20370671	0.0871	67.0	binc	tru-usdt	5.8357	1.0	spot	tru	2022-08-15 00:48:49.252999936	2022	0
12793533	20582406	1660524531993.0	20370672	0.0871	648.0	binc	tru-usdt	56.4408	0.0	spot	tru	2022-08-15 00:48:51.992999936	2022	0
12793534	20582407	1660524609127.0	20370673	0.0872	2700.0	binc	tru-usdt	235.44	1.0	spot	tru	2022-08-15 00:50:09.127000064	2022	0
12793535	20582408	1660524609127.0	20370674	0.0872	1042.0	binc	tru-usdt	90.8624	1.0	spot	tru	2022-08-15 00:50:09.127000064	2022	0
12793536	20582409	1660524610158.0	20370675	0.0872	115.0	binc	tru-usdt	10.028	0.0	spot	tru	2022-08-15 00:50:10.158000128	2022	0
12793537	20582410	1660524610721.0	20370676	0.0872	115.0	binc	tru-usdt	10.028	0.0	spot	tru	2022-08-15 00:50:10.720999936	2022	0
12793538	20582411	1660524611289.0	20370677	0.0872	115.0	binc	tru-usdt	10.028	0.0	spot	tru	2022-08-15 00:50:11.288999936	2022	0
12793539	20582412	1660524611881.0	20370678	0.0872	115.0	binc	tru-usdt	10.028	0.0	spot	tru	2022-08-15 00:50:11.880999936	2022	0
12793540	20582413	1660524612448.0	20370679	0.0872	115.0	binc	tru-usdt	10.028	0.0	spot	tru	2022-08-15 00:50:12.448000000	2022	0
12793542	20582415	1660524612462.0	20370680	0.0872	3853.0	binc	tru-usdt	335.9816	0.0	spot	tru	2022-08-15 00:50:12.462000128	2022	0
12793543	20582416	1660524612467.0	20370681	0.0872	3452.0	binc	tru-usdt	301.0144	0.0	spot	tru	2022-08-15 00:50:12.467000064	2022	0
12793544	20582417	1660524612473.0	20370682	0.0872	4302.0	binc	tru-usdt	375.1344	0.0	spot	tru	2022-08-15 00:50:12.472999936	2022	0
12793545	20582418	1660524612475.0	20370683	0.0872	355.0	binc	tru-usdt	30.956	0.0	spot	tru	2022-08-15 00:50:12.475000064	2022	0
12793546	20582419	1660524612482.0	20370684	0.0872	5212.0	binc	tru-usdt	454.4864	0.0	spot	tru	2022-08-15 00:50:12.481999872	2022	0
12793547	20582420	1660524612486.0	20370685	0.0872	6415.0	binc	tru-usdt	559.388	0.0	spot	tru	2022-08-15 00:50:12.486000128	2022	0
12793548	20582421	1660524612486.0	20370686	0.0872	250.0	binc	tru-usdt	21.8	0.0	spot	tru	2022-08-15 00:50:12.486000128	2022	0
12793549	20582422	1660524612712.0	20370687	0.0871	979.0	binc	tru-usdt	85.2709	1.0	spot	tru	2022-08-15 00:50:12.712000000	2022	0
12793550	20582423	1660524728446.0	20370688	0.0872	272.0	binc	tru-usdt	23.7184	1.0	spot	tru	2022-08-15 00:52:08.446000128	2022	0
12793551	20582424	1660524923670.0	20370689	0.0872	573.0	binc	tru-usdt	49.9656	1.0	spot	tru	2022-08-15 00:55:23.670000128	2022	0
12793553	20582426	1660525080819.0	20370690	0.087	588.0	binc	tru-usdt	51.156	0.0	spot	tru	2022-08-15 00:58:00.819000064	2022	0
12793554	20582427	1660525082864.0	20370691	0.0872	145.0	binc	tru-usdt	12.644	1.0	spot	tru	2022-08-15 00:58:02.864000000	2022	0
12793555	20582428	1660525109616.0	20370692	0.0872	52.0	binc	tru-usdt	4.5344	1.0	spot	tru	2022-08-15 00:58:29.616000000	2022	0
12793556	20582429	1660525109616.0	20370693	0.0873	116.0	binc	tru-usdt	10.1268	1.0	spot	tru	2022-08-15 00:58:29.616000000	2022	0
12793557	20582430	1660525109616.0	20370694	0.0873	431.0	binc	tru-usdt	37.6263	1.0	spot	tru	2022-08-15 00:58:29.616000000	2022	0
12793558	20582431	1660525109616.0	20370695	0.0873	215.0	binc	tru-usdt	18.7695	1.0	spot	tru	2022-08-15 00:58:29.616000000	2022	0
12793559	20582432	1660525171701.0	20370696	0.0872	1042.0	binc	tru-usdt	90.8624	1.0	spot	tru	2022-08-15 00:59:31.700999936	2022	0
12793560	20582433	1660525171701.0	20370697	0.0873	2485.0	binc	tru-usdt	216.9405	1.0	spot	tru	2022-08-15 00:59:31.700999936	2022	0
12793561	20582434	1660525171701.0	20370698	0.0873	2776.0	binc	tru-usdt	242.3448	1.0	spot	tru	2022-08-15 00:59:31.700999936	2022	0
12793562	20582435	1660525171701.0	20370699	0.0873	2004.0	binc	tru-usdt	174.94920000000002	1.0	spot	tru	2022-08-15 00:59:31.700999936	2022	0
12793564	20582437	1660525171701.0	20370700	0.0873	1042.0	binc	tru-usdt	90.9666	1.0	spot	tru	2022-08-15 00:59:31.700999936	2022	0
12793565	20582438	1660525171701.0	20370701	0.0873	514.0	binc	tru-usdt	44.8722	1.0	spot	tru	2022-08-15 00:59:31.700999936	2022	0
12793566	20582439	1660525171701.0	20370702	0.0873	256.0	binc	tru-usdt	22.3488	1.0	spot	tru	2022-08-15 00:59:31.700999936	2022	0
12793567	20582440	1660525171701.0	20370703	0.0874	655.0	binc	tru-usdt	57.24700000000001	1.0	spot	tru	2022-08-15 00:59:31.700999936	2022	0
12793568	20582441	1660525171701.0	20370704	0.0874	1200.0	binc	tru-usdt	104.88	1.0	spot	tru	2022-08-15 00:59:31.700999936	2022	0
12793569	20582442	1660525171701.0	20370705	0.0874	1042.0	binc	tru-usdt	91.0708	1.0	spot	tru	2022-08-15 00:59:31.700999936	2022	0
12793570	20582443	1660525171701.0	20370706	0.0874	7360.0	binc	tru-usdt	643.264	1.0	spot	tru	2022-08-15 00:59:31.700999936	2022	0
12793571	20582444	1660525173168.0	20370707	0.0872	131.0	binc	tru-usdt	11.4232	0.0	spot	tru	2022-08-15 00:59:33.168000000	2022	0
12793572	20582445	1660525882965.0	20370708	0.0873	165.0	binc	tru-usdt	14.4045	1.0	spot	tru	2022-08-15 01:11:22.964999936	2022	1
12793573	20582446	1660526031317.0	20370709	0.087	979.0	binc	tru-usdt	85.17299999999999	0.0	spot	tru	2022-08-15 01:13:51.316999936	2022	1
12793575	20582448	1660526031415.0	20370710	0.087	1079.0	binc	tru-usdt	93.873	0.0	spot	tru	2022-08-15 01:13:51.415000064	2022	1
12793576	20582449	1660526031425.0	20370711	0.087	145.0	binc	tru-usdt	12.614999999999998	0.0	spot	tru	2022-08-15 01:13:51.424999936	2022	1
12793577	20582450	1660526068401.0	20370712	0.087	115.0	binc	tru-usdt	10.005	0.0	spot	tru	2022-08-15 01:14:28.400999936	2022	1
12793578	20582451	1660526068970.0	20370713	0.087	46.0	binc	tru-usdt	4.002	0.0	spot	tru	2022-08-15 01:14:28.969999872	2022	1
12793579	20582452	1660526068970.0	20370714	0.087	69.0	binc	tru-usdt	6.002999999999999	0.0	spot	tru	2022-08-15 01:14:28.969999872	2022	1
12793580	20582453	1660526080093.0	20370715	0.087	47.0	binc	tru-usdt	4.089	0.0	spot	tru	2022-08-15 01:14:40.092999936	2022	1
12793581	20582454	1660526080093.0	20370716	0.087	68.0	binc	tru-usdt	5.916	0.0	spot	tru	2022-08-15 01:14:40.092999936	2022	1
12793582	20582455	1660526089683.0	20370717	0.087	115.0	binc	tru-usdt	10.005	0.0	spot	tru	2022-08-15 01:14:49.683000064	2022	1
12793583	20582456	1660526094085.0	20370718	0.087	118.0	binc	tru-usdt	10.266	0.0	spot	tru	2022-08-15 01:14:54.084999936	2022	1
12793584	20582457	1660526094645.0	20370719	0.087	115.0	binc	tru-usdt	10.005	0.0	spot	tru	2022-08-15 01:14:54.644999936	2022	1
12793586	20582459	1660526103643.0	20370720	0.087	115.0	binc	tru-usdt	10.005	0.0	spot	tru	2022-08-15 01:15:03.643000064	2022	1
12793587	20582460	1660526104233.0	20370721	0.087	115.0	binc	tru-usdt	10.005	0.0	spot	tru	2022-08-15 01:15:04.232999936	2022	1
12793588	20582461	1660526107387.0	20370722	0.087	118.0	binc	tru-usdt	10.266	0.0	spot	tru	2022-08-15 01:15:07.387000064	2022	1
12793589	20582462	1660526111536.0	20370723	0.087	79.0	binc	tru-usdt	6.872999999999999	0.0	spot	tru	2022-08-15 01:15:11.536000000	2022	1
12793590	20582463	1660526115714.0	20370724	0.087	115.0	binc	tru-usdt	10.005	0.0	spot	tru	2022-08-15 01:15:15.713999872	2022	1
12793591	20582464	1660526124057.0	20370725	0.087	115.0	binc	tru-usdt	10.005	0.0	spot	tru	2022-08-15 01:15:24.056999936	2022	1
12793592	20582465	1660526128057.0	20370726	0.087	287.0	binc	tru-usdt	24.969	0.0	spot	tru	2022-08-15 01:15:28.056999936	2022	1
12793593	20582466	1660526128072.0	20370727	0.087	326.0	binc	tru-usdt	28.362	0.0	spot	tru	2022-08-15 01:15:28.072000000	2022	1
12793594	20582467	1660526128097.0	20370728	0.087	843.0	binc	tru-usdt	73.341	0.0	spot	tru	2022-08-15 01:15:28.096999936	2022	1
12793595	20582468	1660526128135.0	20370729	0.087	155.0	binc	tru-usdt	13.485	0.0	spot	tru	2022-08-15 01:15:28.135000064	2022	1
12793597	20582470	1660526128200.0	20370730	0.087	533.0	binc	tru-usdt	46.371	0.0	spot	tru	2022-08-15 01:15:28.200000000	2022	1
12793598	20582471	1660526128735.0	20370731	0.087	133.0	binc	tru-usdt	11.571	0.0	spot	tru	2022-08-15 01:15:28.735000064	2022	1
12793599	20582472	1660526129341.0	20370732	0.087	22.0	binc	tru-usdt	1.914	0.0	spot	tru	2022-08-15 01:15:29.340999936	2022	1
12793600	20582473	1660526130461.0	20370733	0.087	115.0	binc	tru-usdt	10.005	0.0	spot	tru	2022-08-15 01:15:30.460999936	2022	1
12793601	20582474	1660526130487.0	20370734	0.0871	114.0	binc	tru-usdt	9.9294	1.0	spot	tru	2022-08-15 01:15:30.487000064	2022	1
12793602	20582475	1660526131099.0	20370735	0.087	728.0	binc	tru-usdt	63.336	0.0	spot	tru	2022-08-15 01:15:31.099000064	2022	1
12793603	20582476	1660526133405.0	20370736	0.0869	219.0	binc	tru-usdt	19.0311	0.0	spot	tru	2022-08-15 01:15:33.404999936	2022	1
12793604	20582477	1660526134014.0	20370737	0.0869	117.0	binc	tru-usdt	10.1673	0.0	spot	tru	2022-08-15 01:15:34.014000128	2022	1
12793605	20582478	1660526144886.0	20370738	0.0869	119.0	binc	tru-usdt	10.3411	0.0	spot	tru	2022-08-15 01:15:44.886000128	2022	1
12793606	20582479	1660526149905.0	20370739	0.0869	118.0	binc	tru-usdt	10.2542	0.0	spot	tru	2022-08-15 01:15:49.904999936	2022	1
12793608	20582481	1660526155259.0	20370740	0.0869	117.0	binc	tru-usdt	10.1673	0.0	spot	tru	2022-08-15 01:15:55.259000064	2022	1
12793609	20582482	1660526165746.0	20370741	0.0869	553.0	binc	tru-usdt	48.0557	0.0	spot	tru	2022-08-15 01:16:05.745999872	2022	1
12793610	20582483	1660526167276.0	20370742	0.0869	122.0	binc	tru-usdt	10.6018	0.0	spot	tru	2022-08-15 01:16:07.276000000	2022	1
12793611	20582484	1660526167835.0	20370743	0.0869	117.0	binc	tru-usdt	10.1673	0.0	spot	tru	2022-08-15 01:16:07.835000064	2022	1
12793612	20582485	1660526176785.0	20370744	0.0869	117.0	binc	tru-usdt	10.1673	0.0	spot	tru	2022-08-15 01:16:16.784999936	2022	1
12793613	20582486	1660526192919.0	20370745	0.0869	118.0	binc	tru-usdt	10.2542	0.0	spot	tru	2022-08-15 01:16:32.919000064	2022	1
12793614	20582487	1660526202889.0	20370746	0.0869	118.0	binc	tru-usdt	10.2542	0.0	spot	tru	2022-08-15 01:16:42.888999936	2022	1
12793615	20582488	1660526223377.0	20370747	0.0869	116.0	binc	tru-usdt	10.0804	0.0	spot	tru	2022-08-15 01:17:03.376999936	2022	1
12793616	20582489	1660526240034.0	20370748	0.0869	121.0	binc	tru-usdt	10.5149	0.0	spot	tru	2022-08-15 01:17:20.033999872	2022	1
12793617	20582490	1660526240604.0	20370749	0.0869	117.0	binc	tru-usdt	10.1673	0.0	spot	tru	2022-08-15 01:17:20.604000000	2022	1
12793619	20582492	1660526251197.0	20370750	0.0869	182.0	binc	tru-usdt	15.8158	0.0	spot	tru	2022-08-15 01:17:31.196999936	2022	1
12793620	20582493	1660526264701.0	20370751	0.087	30271.0	binc	tru-usdt	2633.577	1.0	spot	tru	2022-08-15 01:17:44.700999936	2022	1
12793621	20582494	1660526264710.0	20370752	0.087	355.0	binc	tru-usdt	30.885	1.0	spot	tru	2022-08-15 01:17:44.710000128	2022	1
12793622	20582495	1660526264712.0	20370753	0.087	1938.0	binc	tru-usdt	168.606	1.0	spot	tru	2022-08-15 01:17:44.712000000	2022	1
12793623	20582496	1660526264712.0	20370754	0.087	2700.0	binc	tru-usdt	234.9	1.0	spot	tru	2022-08-15 01:17:44.712000000	2022	1
12793624	20582497	1660526264712.0	20370755	0.087	843.0	binc	tru-usdt	73.341	1.0	spot	tru	2022-08-15 01:17:44.712000000	2022	1
12793625	20582498	1660526264712.0	20370756	0.087	738.0	binc	tru-usdt	64.20599999999999	1.0	spot	tru	2022-08-15 01:17:44.712000000	2022	1
12793626	20582499	1660526365617.0	20370757	0.0872	843.0	binc	tru-usdt	73.5096	1.0	spot	tru	2022-08-15 01:19:25.616999936	2022	1
12793627	20582500	1660526365628.0	20370758	0.0872	929.0	binc	tru-usdt	81.0088	1.0	spot	tru	2022-08-15 01:19:25.628000000	2022	1
12793628	20582501	1660526365653.0	20370759	0.0872	929.0	binc	tru-usdt	81.0088	1.0	spot	tru	2022-08-15 01:19:25.652999936	2022	1
12793630	20582503	1660526365678.0	20370760	0.0872	929.0	binc	tru-usdt	81.0088	1.0	spot	tru	2022-08-15 01:19:25.678000128	2022	1
12793631	20582504	1660526365702.0	20370761	0.0872	929.0	binc	tru-usdt	81.0088	1.0	spot	tru	2022-08-15 01:19:25.702000128	2022	1
12793632	20582505	1660526486414.0	20370762	0.0873	116.0	binc	tru-usdt	10.1268	1.0	spot	tru	2022-08-15 01:21:26.414000128	2022	1
12793633	20582506	1660526486414.0	20370763	0.0873	354.0	binc	tru-usdt	30.9042	1.0	spot	tru	2022-08-15 01:21:26.414000128	2022	1
12793634	20582507	1660526547025.0	20370764	0.0871	929.0	binc	tru-usdt	80.9159	0.0	spot	tru	2022-08-15 01:22:27.024999936	2022	1
12793635	20582508	1660526547025.0	20370765	0.0871	112.0	binc	tru-usdt	9.7552	0.0	spot	tru	2022-08-15 01:22:27.024999936	2022	1
12793636	20582509	1660526553027.0	20370766	0.0871	2888.0	binc	tru-usdt	251.5448	0.0	spot	tru	2022-08-15 01:22:33.027000064	2022	1
12793637	20582510	1660526553027.0	20370767	0.0871	2700.0	binc	tru-usdt	235.17	0.0	spot	tru	2022-08-15 01:22:33.027000064	2022	1
12793638	20582511	1660526553027.0	20370768	0.0871	929.0	binc	tru-usdt	80.9159	0.0	spot	tru	2022-08-15 01:22:33.027000064	2022	1
12793639	20582512	1660526553027.0	20370769	0.0871	669.0	binc	tru-usdt	58.2699	0.0	spot	tru	2022-08-15 01:22:33.027000064	2022	1
12793641	20582514	1660526553027.0	20370770	0.087	929.0	binc	tru-usdt	80.823	0.0	spot	tru	2022-08-15 01:22:33.027000064	2022	1
12793642	20582515	1660526553027.0	20370771	0.087	632.0	binc	tru-usdt	54.984	0.0	spot	tru	2022-08-15 01:22:33.027000064	2022	1
12793643	20582516	1660526603550.0	20370772	0.0871	114.0	binc	tru-usdt	9.9294	0.0	spot	tru	2022-08-15 01:23:23.550000128	2022	1
12793644	20582517	1660526765113.0	20370773	0.0872	843.0	binc	tru-usdt	73.5096	0.0	spot	tru	2022-08-15 01:26:05.112999936	2022	1
12793645	20582518	1660526765124.0	20370774	0.0872	3135.0	binc	tru-usdt	273.372	0.0	spot	tru	2022-08-15 01:26:05.124000000	2022	1
12793646	20582519	1660527093809.0	20370775	0.0873	332.0	binc	tru-usdt	28.9836	1.0	spot	tru	2022-08-15 01:31:33.808999936	2022	1
12793647	20582520	1660527093812.0	20370776	0.0873	597.0	binc	tru-usdt	52.1181	1.0	spot	tru	2022-08-15 01:31:33.812000000	2022	1
12793648	20582521	1660527094760.0	20370777	0.0873	929.0	binc	tru-usdt	81.10170000000001	1.0	spot	tru	2022-08-15 01:31:34.760000000	2022	1
12793649	20582522	1660527095505.0	20370778	0.0874	2700.0	binc	tru-usdt	235.98	1.0	spot	tru	2022-08-15 01:31:35.504999936	2022	1
12793650	20582523	1660527095731.0	20370779	0.0874	929.0	binc	tru-usdt	81.19460000000001	1.0	spot	tru	2022-08-15 01:31:35.731000064	2022	1
12793652	20582525	1660527096277.0	20370780	0.0873	129.0	binc	tru-usdt	11.2617	0.0	spot	tru	2022-08-15 01:31:36.276999936	2022	1
12793653	20582526	1660527096361.0	20370781	0.0873	513.0	binc	tru-usdt	44.7849	0.0	spot	tru	2022-08-15 01:31:36.360999936	2022	1
12793654	20582527	1660527097749.0	20370782	0.0874	2700.0	binc	tru-usdt	235.98	1.0	spot	tru	2022-08-15 01:31:37.748999936	2022	1
12793655	20582528	1660527124224.0	20370783	0.0875	979.0	binc	tru-usdt	85.6625	1.0	spot	tru	2022-08-15 01:32:04.224000000	2022	1
12793656	20582529	1660527202807.0	20370784	0.0873	2058.0	binc	tru-usdt	179.6634	0.0	spot	tru	2022-08-15 01:33:22.807000064	2022	1
12793657	20582530	1660527232416.0	20370785	0.0873	2700.0	binc	tru-usdt	235.71	1.0	spot	tru	2022-08-15 01:33:52.416000000	2022	1
12793658	20582531	1660527232419.0	20370786	0.0873	856.0	binc	tru-usdt	74.7288	1.0	spot	tru	2022-08-15 01:33:52.419000064	2022	1
12793659	20582532	1660527579142.0	20370787	0.0875	347.0	binc	tru-usdt	30.3625	1.0	spot	tru	2022-08-15 01:39:39.142000128	2022	1
12793660	20582533	1660527579142.0	20370788	0.0875	312.0	binc	tru-usdt	27.3	1.0	spot	tru	2022-08-15 01:39:39.142000128	2022	1
12793661	20582534	1660527579142.0	20370789	0.0875	430.0	binc	tru-usdt	37.625	1.0	spot	tru	2022-08-15 01:39:39.142000128	2022	1
12793663	20582536	1660527579142.0	20370790	0.0875	206.0	binc	tru-usdt	18.025	1.0	spot	tru	2022-08-15 01:39:39.142000128	2022	1
12793664	20582537	1660527579142.0	20370791	0.0875	2700.0	binc	tru-usdt	236.25	1.0	spot	tru	2022-08-15 01:39:39.142000128	2022	1
12793665	20582538	1660527579404.0	20370792	0.0876	229.0	binc	tru-usdt	20.0604	1.0	spot	tru	2022-08-15 01:39:39.404000000	2022	1
12793666	20582539	1660527579404.0	20370793	0.0876	1951.0	binc	tru-usdt	170.9076	1.0	spot	tru	2022-08-15 01:39:39.404000000	2022	1
12793667	20582540	1660527582142.0	20370794	0.0876	193.0	binc	tru-usdt	16.9068	1.0	spot	tru	2022-08-15 01:39:42.142000128	2022	1
12793668	20582541	1660527713191.0	20370795	0.0877	116.0	binc	tru-usdt	10.1732	1.0	spot	tru	2022-08-15 01:41:53.191000064	2022	1
12793669	20582542	1660527713191.0	20370796	0.0877	2.0	binc	tru-usdt	0.1754	1.0	spot	tru	2022-08-15 01:41:53.191000064	2022	1
12793670	20582543	1660527713204.0	20370797	0.0877	577.0	binc	tru-usdt	50.6029	1.0	spot	tru	2022-08-15 01:41:53.204000000	2022	1
12793671	20582544	1660527713204.0	20370798	0.0877	688.0	binc	tru-usdt	60.3376	1.0	spot	tru	2022-08-15 01:41:53.204000000	2022	1
12793672	20582545	1660527714396.0	20370799	0.0876	648.0	binc	tru-usdt	56.7648	0.0	spot	tru	2022-08-15 01:41:54.396000000	2022	1
12793674	20582547	1660527896827.0	20370800	0.0876	751.0	binc	tru-usdt	65.7876	1.0	spot	tru	2022-08-15 01:44:56.827000064	2022	1
12793675	20582548	1660527896827.0	20370801	0.0876	1508.0	binc	tru-usdt	132.1008	1.0	spot	tru	2022-08-15 01:44:56.827000064	2022	1
12793676	20582549	1660527896827.0	20370802	0.0876	4.0	binc	tru-usdt	0.3504	1.0	spot	tru	2022-08-15 01:44:56.827000064	2022	1
12793677	20582550	1660527896835.0	20370803	0.0876	646.0	binc	tru-usdt	56.5896	1.0	spot	tru	2022-08-15 01:44:56.835000064	2022	1
12793678	20582551	1660527896835.0	20370804	0.0876	1406.0	binc	tru-usdt	123.1656	1.0	spot	tru	2022-08-15 01:44:56.835000064	2022	1
12793679	20582552	1660527920771.0	20370805	0.0877	688.0	binc	tru-usdt	60.3376	1.0	spot	tru	2022-08-15 01:45:20.771000064	2022	1
12793680	20582553	1660527924305.0	20370806	0.0877	649.0	binc	tru-usdt	56.9173	0.0	spot	tru	2022-08-15 01:45:24.304999936	2022	1
12793681	20582554	1660527924322.0	20370807	0.0877	2051.0	binc	tru-usdt	179.8727	0.0	spot	tru	2022-08-15 01:45:24.321999872	2022	1
12793682	20582555	1660528061730.0	20370808	0.0877	662.0	binc	tru-usdt	58.0574	0.0	spot	tru	2022-08-15 01:47:41.729999872	2022	1
12793683	20582556	1660528103012.0	20370809	0.0878	1029.0	binc	tru-usdt	90.3462	1.0	spot	tru	2022-08-15 01:48:23.012000000	2022	1
12793685	20582558	1660528103012.0	20370810	0.0878	2700.0	binc	tru-usdt	237.06	1.0	spot	tru	2022-08-15 01:48:23.012000000	2022	1
12793686	20582559	1660528103012.0	20370811	0.0878	586.0	binc	tru-usdt	51.4508	1.0	spot	tru	2022-08-15 01:48:23.012000000	2022	1
12793687	20582560	1660528124034.0	20370812	0.0877	199.0	binc	tru-usdt	17.4523	1.0	spot	tru	2022-08-15 01:48:44.033999872	2022	1
12793688	20582561	1660528309095.0	20370813	0.0877	119.0	binc	tru-usdt	10.4363	1.0	spot	tru	2022-08-15 01:51:49.095000064	2022	1
12793689	20582562	1660528392632.0	20370814	0.0878	1095.0	binc	tru-usdt	96.141	1.0	spot	tru	2022-08-15 01:53:12.632000000	2022	1
12793690	20582563	1660528393007.0	20370815	0.0875	270.0	binc	tru-usdt	23.625	0.0	spot	tru	2022-08-15 01:53:13.007000064	2022	1
12793691	20582564	1660528574653.0	20370816	0.0875	219.0	binc	tru-usdt	19.1625	0.0	spot	tru	2022-08-15 01:56:14.652999936	2022	1
12793692	20582565	1660528824967.0	20370817	0.0878	2700.0	binc	tru-usdt	237.06	1.0	spot	tru	2022-08-15 02:00:24.967000064	2022	2
12793693	20582566	1660528970943.0	20370818	0.0879	428.0	binc	tru-usdt	37.6212	1.0	spot	tru	2022-08-15 02:02:50.943000064	2022	2
12793694	20582567	1660528970943.0	20370819	0.0879	333.0	binc	tru-usdt	29.2707	1.0	spot	tru	2022-08-15 02:02:50.943000064	2022	2
12793696	20582569	1660528970943.0	20370820	0.0879	1779.0	binc	tru-usdt	156.3741	1.0	spot	tru	2022-08-15 02:02:50.943000064	2022	2
12793697	20582570	1660529182333.0	20370821	0.0879	3267.0	binc	tru-usdt	287.1693	1.0	spot	tru	2022-08-15 02:06:22.332999936	2022	2
12793698	20582571	1660529182333.0	20370822	0.0879	449.0	binc	tru-usdt	39.4671	1.0	spot	tru	2022-08-15 02:06:22.332999936	2022	2
12793699	20582572	1660529670833.0	20370823	0.0879	111.0	binc	tru-usdt	9.7569	1.0	spot	tru	2022-08-15 02:14:30.832999936	2022	2
12793700	20582573	1660529939923.0	20370824	0.0876	2700.0	binc	tru-usdt	236.52	0.0	spot	tru	2022-08-15 02:18:59.923000064	2022	2
12793701	20582574	1660529939923.0	20370825	0.0876	752.0	binc	tru-usdt	65.87519999999999	0.0	spot	tru	2022-08-15 02:18:59.923000064	2022	2
12793702	20582575	1660529939923.0	20370826	0.0876	353.0	binc	tru-usdt	30.9228	0.0	spot	tru	2022-08-15 02:18:59.923000064	2022	2
12793703	20582576	1660529939923.0	20370827	0.0876	514.0	binc	tru-usdt	45.0264	0.0	spot	tru	2022-08-15 02:18:59.923000064	2022	2
12793704	20582577	1660529939923.0	20370828	0.0876	1240.0	binc	tru-usdt	108.624	0.0	spot	tru	2022-08-15 02:18:59.923000064	2022	2
12793705	20582578	1660529939923.0	20370829	0.0876	4296.0	binc	tru-usdt	376.3296	0.0	spot	tru	2022-08-15 02:18:59.923000064	2022	2
12793707	20582580	1660529939923.0	20370830	0.0875	752.0	binc	tru-usdt	65.8	0.0	spot	tru	2022-08-15 02:18:59.923000064	2022	2
12793708	20582581	1660529939923.0	20370831	0.0875	571.0	binc	tru-usdt	49.9625	0.0	spot	tru	2022-08-15 02:18:59.923000064	2022	2
12793709	20582582	1660529939923.0	20370832	0.0874	4063.0	binc	tru-usdt	355.1062	0.0	spot	tru	2022-08-15 02:18:59.923000064	2022	2
12793710	20582583	1660529939923.0	20370833	0.0874	2055.0	binc	tru-usdt	179.607	0.0	spot	tru	2022-08-15 02:18:59.923000064	2022	2
12793711	20582584	1660529939923.0	20370834	0.0874	367.0	binc	tru-usdt	32.0758	0.0	spot	tru	2022-08-15 02:18:59.923000064	2022	2
12793712	20582585	1660529939923.0	20370835	0.0873	116.0	binc	tru-usdt	10.1268	0.0	spot	tru	2022-08-15 02:18:59.923000064	2022	2
12793713	20582586	1660529939923.0	20370836	0.0873	429.0	binc	tru-usdt	37.4517	0.0	spot	tru	2022-08-15 02:18:59.923000064	2022	2
12793714	20582587	1660529939923.0	20370837	0.0873	367.0	binc	tru-usdt	32.0391	0.0	spot	tru	2022-08-15 02:18:59.923000064	2022	2
12793715	20582588	1660529939923.0	20370838	0.0873	15806.0	binc	tru-usdt	1379.8638	0.0	spot	tru	2022-08-15 02:18:59.923000064	2022	2
12793716	20582589	1660529939923.0	20370839	0.0873	11000.0	binc	tru-usdt	960.3	0.0	spot	tru	2022-08-15 02:18:59.923000064	2022	2
12793718	20582591	1660529939923.0	20370840	0.0872	2957.0	binc	tru-usdt	257.8504	0.0	spot	tru	2022-08-15 02:18:59.923000064	2022	2
12793719	20582592	1660529939923.0	20370841	0.0872	2446.0	binc	tru-usdt	213.2912	0.0	spot	tru	2022-08-15 02:18:59.923000064	2022	2
12793720	20582593	1660529939923.0	20370842	0.0872	23811.0	binc	tru-usdt	2076.3192	0.0	spot	tru	2022-08-15 02:18:59.923000064	2022	2
12793721	20582594	1660529939923.0	20370843	0.0872	23811.0	binc	tru-usdt	2076.3192	0.0	spot	tru	2022-08-15 02:18:59.923000064	2022	2
12793722	20582595	1660529939923.0	20370844	0.0872	23811.0	binc	tru-usdt	2076.3192	0.0	spot	tru	2022-08-15 02:18:59.923000064	2022	2
12793723	20582596	1660529939923.0	20370845	0.0872	1394.0	binc	tru-usdt	121.5568	0.0	spot	tru	2022-08-15 02:18:59.923000064	2022	2
12793724	20582597	1660529939923.0	20370846	0.0871	23809.0	binc	tru-usdt	2073.7639	0.0	spot	tru	2022-08-15 02:18:59.923000064	2022	2
12793725	20582598	1660529939923.0	20370847	0.087	116.0	binc	tru-usdt	10.092	0.0	spot	tru	2022-08-15 02:18:59.923000064	2022	2
12793726	20582599	1660529939923.0	20370848	0.087	3000.0	binc	tru-usdt	261.0	0.0	spot	tru	2022-08-15 02:18:59.923000064	2022	2
12793727	20582600	1660529939923.0	20370849	0.087	229.0	binc	tru-usdt	19.923	0.0	spot	tru	2022-08-15 02:18:59.923000064	2022	2
12793729	20582602	1660529939923.0	20370850	0.0869	10379.0	binc	tru-usdt	901.9351	0.0	spot	tru	2022-08-15 02:18:59.923000064	2022	2
12793730	20582603	1660529939923.0	20370851	0.0869	431.0	binc	tru-usdt	37.4539	0.0	spot	tru	2022-08-15 02:18:59.923000064	2022	2
12793731	20582604	1660529939923.0	20370852	0.0869	312.0	binc	tru-usdt	27.1128	0.0	spot	tru	2022-08-15 02:18:59.923000064	2022	2
12793732	20582605	1660529939923.0	20370853	0.0869	5137.0	binc	tru-usdt	446.4053	0.0	spot	tru	2022-08-15 02:18:59.923000064	2022	2
12793733	20582606	1660529939923.0	20370854	0.0869	11444.0	binc	tru-usdt	994.4836	0.0	spot	tru	2022-08-15 02:18:59.923000064	2022	2
12793734	20582607	1660529939939.0	20370855	0.0876	116.0	binc	tru-usdt	10.1616	0.0	spot	tru	2022-08-15 02:18:59.939000064	2022	2
12793735	20582608	1660529939945.0	20370856	0.0876	795.0	binc	tru-usdt	69.642	0.0	spot	tru	2022-08-15 02:18:59.944999936	2022	2
12793736	20582609	1660529939971.0	20370857	0.0876	356.0	binc	tru-usdt	31.1856	1.0	spot	tru	2022-08-15 02:18:59.971000064	2022	2
12793737	20582610	1660529940170.0	20370858	0.0874	557.0	binc	tru-usdt	48.6818	1.0	spot	tru	2022-08-15 02:19:00.169999872	2022	2
12793738	20582611	1660529940184.0	20370859	0.0874	926.0	binc	tru-usdt	80.9324	1.0	spot	tru	2022-08-15 02:19:00.184000000	2022	2
12793740	20582613	1660529940386.0	20370860	0.0873	514.0	binc	tru-usdt	44.8722	0.0	spot	tru	2022-08-15 02:19:00.385999872	2022	2
12793741	20582614	1660529940816.0	20370861	0.0873	514.0	binc	tru-usdt	44.8722	0.0	spot	tru	2022-08-15 02:19:00.816000000	2022	2
12793742	20582615	1660529941220.0	20370862	0.0874	1217.0	binc	tru-usdt	106.3658	1.0	spot	tru	2022-08-15 02:19:01.220000000	2022	2
12793743	20582616	1660529941220.0	20370863	0.0874	514.0	binc	tru-usdt	44.9236	1.0	spot	tru	2022-08-15 02:19:01.220000000	2022	2
12793744	20582617	1660529941220.0	20370864	0.0875	545.0	binc	tru-usdt	47.6875	1.0	spot	tru	2022-08-15 02:19:01.220000000	2022	2
12793745	20582618	1660529943383.0	20370865	0.0873	1928.0	binc	tru-usdt	168.3144	0.0	spot	tru	2022-08-15 02:19:03.383000064	2022	2
12793746	20582619	1660529943383.0	20370866	0.0873	2176.0	binc	tru-usdt	189.9648	0.0	spot	tru	2022-08-15 02:19:03.383000064	2022	2
12793747	20582620	1660529943383.0	20370867	0.0873	2004.0	binc	tru-usdt	174.94920000000002	0.0	spot	tru	2022-08-15 02:19:03.383000064	2022	2
12793748	20582621	1660529943383.0	20370868	0.0873	4311.0	binc	tru-usdt	376.3503	0.0	spot	tru	2022-08-15 02:19:03.383000064	2022	2
12793749	20582622	1660529943383.0	20370869	0.0873	654.0	binc	tru-usdt	57.0942	0.0	spot	tru	2022-08-15 02:19:03.383000064	2022	2
12793751	20582624	1660529943383.0	20370870	0.0873	1004.0	binc	tru-usdt	87.64920000000001	0.0	spot	tru	2022-08-15 02:19:03.383000064	2022	2
12793752	20582625	1660529943383.0	20370871	0.0872	1004.0	binc	tru-usdt	87.5488	0.0	spot	tru	2022-08-15 02:19:03.383000064	2022	2
12793753	20582626	1660529943383.0	20370872	0.0871	1004.0	binc	tru-usdt	87.44839999999999	0.0	spot	tru	2022-08-15 02:19:03.383000064	2022	2
12793754	20582627	1660529943383.0	20370873	0.087	116.0	binc	tru-usdt	10.092	0.0	spot	tru	2022-08-15 02:19:03.383000064	2022	2
12793755	20582628	1660529943383.0	20370874	0.0869	462.0	binc	tru-usdt	40.1478	0.0	spot	tru	2022-08-15 02:19:03.383000064	2022	2
12793756	20582629	1660529943383.0	20370875	0.0869	459.0	binc	tru-usdt	39.8871	0.0	spot	tru	2022-08-15 02:19:03.383000064	2022	2
12793757	20582630	1660529943383.0	20370876	0.0869	459.0	binc	tru-usdt	39.8871	0.0	spot	tru	2022-08-15 02:19:03.383000064	2022	2
12793758	20582631	1660529943383.0	20370877	0.0868	411.0	binc	tru-usdt	35.6748	0.0	spot	tru	2022-08-15 02:19:03.383000064	2022	2
12793759	20582632	1660529943383.0	20370878	0.0868	8544.0	binc	tru-usdt	741.6192	0.0	spot	tru	2022-08-15 02:19:03.383000064	2022	2
12793760	20582633	1660529943383.0	20370879	0.0867	1598.0	binc	tru-usdt	138.5466	0.0	spot	tru	2022-08-15 02:19:03.383000064	2022	2
12793762	20582635	1660529943383.0	20370880	0.0867	23879.0	binc	tru-usdt	2070.3093	0.0	spot	tru	2022-08-15 02:19:03.383000064	2022	2
12793763	20582636	1660529943383.0	20370881	0.0867	11000.0	binc	tru-usdt	953.7	0.0	spot	tru	2022-08-15 02:19:03.383000064	2022	2
12793764	20582637	1660529943383.0	20370882	0.0866	663.0	binc	tru-usdt	57.4158	0.0	spot	tru	2022-08-15 02:19:03.383000064	2022	2
12793765	20582638	1660529943383.0	20370883	0.0866	663.0	binc	tru-usdt	57.4158	0.0	spot	tru	2022-08-15 02:19:03.383000064	2022	2
12793766	20582639	1660529943383.0	20370884	0.0866	23983.0	binc	tru-usdt	2076.9278	0.0	spot	tru	2022-08-15 02:19:03.383000064	2022	2
12793767	20582640	1660529943383.0	20370885	0.0866	457.0	binc	tru-usdt	39.5762	0.0	spot	tru	2022-08-15 02:19:03.383000064	2022	2
12793768	20582641	1660529943383.0	20370886	0.0866	457.0	binc	tru-usdt	39.5762	0.0	spot	tru	2022-08-15 02:19:03.383000064	2022	2
12793769	20582642	1660529943383.0	20370887	0.0866	457.0	binc	tru-usdt	39.5762	0.0	spot	tru	2022-08-15 02:19:03.383000064	2022	2
12793770	20582643	1660529943383.0	20370888	0.0866	457.0	binc	tru-usdt	39.5762	0.0	spot	tru	2022-08-15 02:19:03.383000064	2022	2
12793771	20582644	1660529943383.0	20370889	0.0866	23986.0	binc	tru-usdt	2077.1876	0.0	spot	tru	2022-08-15 02:19:03.383000064	2022	2
12793773	20582646	1660529943383.0	20370890	0.0866	171.0	binc	tru-usdt	14.8086	0.0	spot	tru	2022-08-15 02:19:03.383000064	2022	2
12793774	20582647	1660529943383.0	20370891	0.0866	457.0	binc	tru-usdt	39.5762	0.0	spot	tru	2022-08-15 02:19:03.383000064	2022	2
12793775	20582648	1660529943383.0	20370892	0.0866	1131.0	binc	tru-usdt	97.9446	0.0	spot	tru	2022-08-15 02:19:03.383000064	2022	2
12793776	20582649	1660529943383.0	20370893	0.0865	231.0	binc	tru-usdt	19.9815	0.0	spot	tru	2022-08-15 02:19:03.383000064	2022	2
12793777	20582650	1660529943383.0	20370894	0.0865	313.0	binc	tru-usdt	27.0745	0.0	spot	tru	2022-08-15 02:19:03.383000064	2022	2
12793778	20582651	1660529943383.0	20370895	0.0865	274.0	binc	tru-usdt	23.701	0.0	spot	tru	2022-08-15 02:19:03.383000064	2022	2
12793779	20582652	1660529943383.0	20370896	0.0865	550.0	binc	tru-usdt	47.575	0.0	spot	tru	2022-08-15 02:19:03.383000064	2022	2
12793780	20582653	1660529943383.0	20370897	0.0864	434.0	binc	tru-usdt	37.4976	0.0	spot	tru	2022-08-15 02:19:03.383000064	2022	2
12793781	20582654	1660529943383.0	20370898	0.0864	5787.0	binc	tru-usdt	499.9968	0.0	spot	tru	2022-08-15 02:19:03.383000064	2022	2
12793782	20582655	1660529943383.0	20370899	0.0864	4033.0	binc	tru-usdt	348.45120000000003	0.0	spot	tru	2022-08-15 02:19:03.383000064	2022	2
12793784	20582657	1660529943383.0	20370900	0.0863	579.0	binc	tru-usdt	49.9677	0.0	spot	tru	2022-08-15 02:19:03.383000064	2022	2
12793785	20582658	1660529943383.0	20370901	0.0863	9636.0	binc	tru-usdt	831.5868	0.0	spot	tru	2022-08-15 02:19:03.383000064	2022	2
12793786	20582659	1660529943383.0	20370902	0.0863	11567.0	binc	tru-usdt	998.2321	0.0	spot	tru	2022-08-15 02:19:03.383000064	2022	2
12793787	20582660	1660529943383.0	20370903	0.0863	19697.0	binc	tru-usdt	1699.8511	0.0	spot	tru	2022-08-15 02:19:03.383000064	2022	2
12793788	20582661	1660529943383.0	20370904	0.0863	871.0	binc	tru-usdt	75.1673	0.0	spot	tru	2022-08-15 02:19:03.383000064	2022	2
12793789	20582662	1660529943383.0	20370905	0.0861	232.0	binc	tru-usdt	19.9752	0.0	spot	tru	2022-08-15 02:19:03.383000064	2022	2
12793790	20582663	1660529943383.0	20370906	0.0861	314.0	binc	tru-usdt	27.0354	0.0	spot	tru	2022-08-15 02:19:03.383000064	2022	2
12793791	20582664	1660529943383.0	20370907	0.0861	463.0	binc	tru-usdt	39.8643	0.0	spot	tru	2022-08-15 02:19:03.383000064	2022	2
12793792	20582665	1660529943383.0	20370908	0.0861	463.0	binc	tru-usdt	39.8643	0.0	spot	tru	2022-08-15 02:19:03.383000064	2022	2
12793793	20582666	1660529943383.0	20370909	0.0861	463.0	binc	tru-usdt	39.8643	0.0	spot	tru	2022-08-15 02:19:03.383000064	2022	2
12793795	20582668	1660529943383.0	20370910	0.0861	463.0	binc	tru-usdt	39.8643	0.0	spot	tru	2022-08-15 02:19:03.383000064	2022	2
12793796	20582669	1660529943383.0	20370911	0.0861	463.0	binc	tru-usdt	39.8643	0.0	spot	tru	2022-08-15 02:19:03.383000064	2022	2
12793797	20582670	1660529943383.0	20370912	0.0861	463.0	binc	tru-usdt	39.8643	0.0	spot	tru	2022-08-15 02:19:03.383000064	2022	2
12793798	20582671	1660529943383.0	20370913	0.0861	463.0	binc	tru-usdt	39.8643	0.0	spot	tru	2022-08-15 02:19:03.383000064	2022	2
12793799	20582672	1660529943383.0	20370914	0.0861	463.0	binc	tru-usdt	39.8643	0.0	spot	tru	2022-08-15 02:19:03.383000064	2022	2
12793800	20582673	1660529943383.0	20370915	0.086	134.0	binc	tru-usdt	11.524	0.0	spot	tru	2022-08-15 02:19:03.383000064	2022	2
12793801	20582674	1660529943383.0	20370916	0.086	655.0	binc	tru-usdt	56.33	0.0	spot	tru	2022-08-15 02:19:03.383000064	2022	2
12793802	20582675	1660529943383.0	20370917	0.086	1173.0	binc	tru-usdt	100.878	0.0	spot	tru	2022-08-15 02:19:03.383000064	2022	2
12793803	20582676	1660529943383.0	20370918	0.086	4390.0	binc	tru-usdt	377.54	0.0	spot	tru	2022-08-15 02:19:03.383000064	2022	2
12793804	20582677	1660529943399.0	20370919	0.0872	134.0	binc	tru-usdt	11.6848	0.0	spot	tru	2022-08-15 02:19:03.399000064	2022	2
12793806	20582679	1660529943454.0	20370920	0.0869	2301.0	binc	tru-usdt	199.9569	1.0	spot	tru	2022-08-15 02:19:03.454000128	2022	2
12793807	20582680	1660529943478.0	20370921	0.0867	3091.0	binc	tru-usdt	267.9897	1.0	spot	tru	2022-08-15 02:19:03.478000128	2022	2
12793808	20582681	1660529943488.0	20370922	0.0867	8476.0	binc	tru-usdt	734.8692	1.0	spot	tru	2022-08-15 02:19:03.488000000	2022	2
12793809	20582682	1660529943535.0	20370923	0.0869	663.0	binc	tru-usdt	57.614700000000006	1.0	spot	tru	2022-08-15 02:19:03.535000064	2022	2
12793810	20582683	1660529943535.0	20370924	0.0869	1720.0	binc	tru-usdt	149.46800000000002	1.0	spot	tru	2022-08-15 02:19:03.535000064	2022	2
12793811	20582684	1660529943557.0	20370925	0.0869	980.0	binc	tru-usdt	85.162	1.0	spot	tru	2022-08-15 02:19:03.556999936	2022	2
12793812	20582685	1660529943557.0	20370926	0.087	278.0	binc	tru-usdt	24.186	1.0	spot	tru	2022-08-15 02:19:03.556999936	2022	2
12793813	20582686	1660529943669.0	20370927	0.0869	2387.0	binc	tru-usdt	207.4303	1.0	spot	tru	2022-08-15 02:19:03.668999936	2022	2
12793814	20582687	1660529943694.0	20370928	0.0867	514.0	binc	tru-usdt	44.5638	0.0	spot	tru	2022-08-15 02:19:03.694000128	2022	2
12793815	20582688	1660529943726.0	20370929	0.0869	313.0	binc	tru-usdt	27.1997	1.0	spot	tru	2022-08-15 02:19:03.726000128	2022	2
12793817	20582690	1660529943726.0	20370930	0.0869	2055.0	binc	tru-usdt	178.57950000000002	1.0	spot	tru	2022-08-15 02:19:03.726000128	2022	2
12793818	20582691	1660529943747.0	20370931	0.0867	514.0	binc	tru-usdt	44.5638	0.0	spot	tru	2022-08-15 02:19:03.747000064	2022	2
12793819	20582692	1660529943766.0	20370932	0.0869	2700.0	binc	tru-usdt	234.63	1.0	spot	tru	2022-08-15 02:19:03.766000128	2022	2
12793820	20582693	1660529943766.0	20370933	0.087	185.0	binc	tru-usdt	16.095	1.0	spot	tru	2022-08-15 02:19:03.766000128	2022	2
12793821	20582694	1660529943766.0	20370934	0.087	463.0	binc	tru-usdt	40.281	1.0	spot	tru	2022-08-15 02:19:03.766000128	2022	2
12793822	20582695	1660529943766.0	20370935	0.087	94.0	binc	tru-usdt	8.177999999999999	1.0	spot	tru	2022-08-15 02:19:03.766000128	2022	2
12793823	20582696	1660529944021.0	20370936	0.0869	2700.0	binc	tru-usdt	234.63	1.0	spot	tru	2022-08-15 02:19:04.020999936	2022	2
12793824	20582697	1660529944200.0	20370937	0.0868	514.0	binc	tru-usdt	44.6152	1.0	spot	tru	2022-08-15 02:19:04.200000000	2022	2
12793825	20582698	1660529944200.0	20370938	0.0869	1377.0	binc	tru-usdt	119.6613	1.0	spot	tru	2022-08-15 02:19:04.200000000	2022	2
12793826	20582699	1660529944448.0	20370939	0.0868	514.0	binc	tru-usdt	44.6152	1.0	spot	tru	2022-08-15 02:19:04.448000000	2022	2
12793828	20582701	1660529944590.0	20370940	0.0868	514.0	binc	tru-usdt	44.6152	1.0	spot	tru	2022-08-15 02:19:04.590000128	2022	2
12793829	20582702	1660529944590.0	20370941	0.0869	114.0	binc	tru-usdt	9.9066	1.0	spot	tru	2022-08-15 02:19:04.590000128	2022	2
12793830	20582703	1660529944720.0	20370942	0.0868	514.0	binc	tru-usdt	44.6152	1.0	spot	tru	2022-08-15 02:19:04.720000000	2022	2
12793831	20582704	1660529945077.0	20370943	0.0869	1008.0	binc	tru-usdt	87.5952	1.0	spot	tru	2022-08-15 02:19:05.076999936	2022	2
12793832	20582705	1660529945418.0	20370944	0.0869	979.0	binc	tru-usdt	85.0751	1.0	spot	tru	2022-08-15 02:19:05.417999872	2022	2
12793833	20582706	1660529945455.0	20370945	0.0869	1761.0	binc	tru-usdt	153.0309	1.0	spot	tru	2022-08-15 02:19:05.455000064	2022	2
12793834	20582707	1660529945466.0	20370946	0.0869	16957.0	binc	tru-usdt	1473.5633	1.0	spot	tru	2022-08-15 02:19:05.465999872	2022	2
12793835	20582708	1660529945466.0	20370947	0.0869	514.0	binc	tru-usdt	44.6666	1.0	spot	tru	2022-08-15 02:19:05.465999872	2022	2
12793836	20582709	1660529945539.0	20370948	0.087	369.0	binc	tru-usdt	32.102999999999994	1.0	spot	tru	2022-08-15 02:19:05.539000064	2022	2
12793837	20582710	1660529945539.0	20370949	0.087	463.0	binc	tru-usdt	40.281	1.0	spot	tru	2022-08-15 02:19:05.539000064	2022	2
12793839	20582712	1660529945539.0	20370950	0.087	463.0	binc	tru-usdt	40.281	1.0	spot	tru	2022-08-15 02:19:05.539000064	2022	2
12793840	20582713	1660529945539.0	20370951	0.087	463.0	binc	tru-usdt	40.281	1.0	spot	tru	2022-08-15 02:19:05.539000064	2022	2
12793841	20582714	1660529945539.0	20370952	0.087	463.0	binc	tru-usdt	40.281	1.0	spot	tru	2022-08-15 02:19:05.539000064	2022	2
12793842	20582715	1660529945539.0	20370953	0.087	457.0	binc	tru-usdt	39.759	1.0	spot	tru	2022-08-15 02:19:05.539000064	2022	2
12793843	20582716	1660529945539.0	20370954	0.087	463.0	binc	tru-usdt	40.281	1.0	spot	tru	2022-08-15 02:19:05.539000064	2022	2
12793844	20582717	1660529945615.0	20370955	0.0871	979.0	binc	tru-usdt	85.2709	0.0	spot	tru	2022-08-15 02:19:05.615000064	2022	2
12793845	20582718	1660529946415.0	20370956	0.0871	979.0	binc	tru-usdt	85.2709	0.0	spot	tru	2022-08-15 02:19:06.415000064	2022	2
12793846	20582719	1660529947028.0	20370957	0.0872	459.0	binc	tru-usdt	40.0248	1.0	spot	tru	2022-08-15 02:19:07.028000000	2022	2
12793847	20582720	1660529948007.0	20370958	0.0872	312.0	binc	tru-usdt	27.2064	0.0	spot	tru	2022-08-15 02:19:08.007000064	2022	2
12793848	20582721	1660529948320.0	20370959	0.0872	232.0	binc	tru-usdt	20.2304	0.0	spot	tru	2022-08-15 02:19:08.320000000	2022	2
12793850	20582723	1660529948480.0	20370960	0.0873	116.0	binc	tru-usdt	10.1268	1.0	spot	tru	2022-08-15 02:19:08.480000000	2022	2
12793851	20582724	1660529948480.0	20370961	0.0873	459.0	binc	tru-usdt	40.0707	1.0	spot	tru	2022-08-15 02:19:08.480000000	2022	2
12793852	20582725	1660529948480.0	20370962	0.0873	52.0	binc	tru-usdt	4.5396	1.0	spot	tru	2022-08-15 02:19:08.480000000	2022	2
12793853	20582726	1660529948486.0	20370963	0.0872	433.0	binc	tru-usdt	37.7576	0.0	spot	tru	2022-08-15 02:19:08.486000128	2022	2
12793854	20582727	1660529948499.0	20370964	0.0872	27.0	binc	tru-usdt	2.3544	0.0	spot	tru	2022-08-15 02:19:08.499000064	2022	2
12793855	20582728	1660529948499.0	20370965	0.0872	204.0	binc	tru-usdt	17.7888	0.0	spot	tru	2022-08-15 02:19:08.499000064	2022	2
12793856	20582729	1660529950080.0	20370966	0.0872	514.0	binc	tru-usdt	44.8208	0.0	spot	tru	2022-08-15 02:19:10.080000000	2022	2
12793857	20582730	1660529950319.0	20370967	0.0872	514.0	binc	tru-usdt	44.8208	0.0	spot	tru	2022-08-15 02:19:10.319000064	2022	2
12793858	20582731	1660529950989.0	20370968	0.0871	314.0	binc	tru-usdt	27.3494	0.0	spot	tru	2022-08-15 02:19:10.988999936	2022	2
12793859	20582732	1660529952640.0	20370969	0.0871	355.0	binc	tru-usdt	30.9205	0.0	spot	tru	2022-08-15 02:19:12.640000000	2022	2
12793861	20582734	1660529952648.0	20370970	0.0871	3904.0	binc	tru-usdt	340.0384	0.0	spot	tru	2022-08-15 02:19:12.648000000	2022	2
12793862	20582735	1660529952725.0	20370971	0.087	116.0	binc	tru-usdt	10.092	0.0	spot	tru	2022-08-15 02:19:12.724999936	2022	2
12793863	20582736	1660529956857.0	20370972	0.0871	1004.0	binc	tru-usdt	87.44839999999999	1.0	spot	tru	2022-08-15 02:19:16.856999936	2022	2
12793864	20582737	1660529956857.0	20370973	0.0871	2296.0	binc	tru-usdt	199.9816	1.0	spot	tru	2022-08-15 02:19:16.856999936	2022	2
12793865	20582738	1660529956857.0	20370974	0.0871	2700.0	binc	tru-usdt	235.17	1.0	spot	tru	2022-08-15 02:19:16.856999936	2022	2
12793866	20582739	1660529956857.0	20370975	0.0871	514.0	binc	tru-usdt	44.7694	1.0	spot	tru	2022-08-15 02:19:16.856999936	2022	2
12793867	20582740	1660529956857.0	20370976	0.0872	1004.0	binc	tru-usdt	87.5488	1.0	spot	tru	2022-08-15 02:19:16.856999936	2022	2
12793868	20582741	1660529956857.0	20370977	0.0872	2700.0	binc	tru-usdt	235.44	1.0	spot	tru	2022-08-15 02:19:16.856999936	2022	2
12793869	20582742	1660529956857.0	20370978	0.0872	4386.0	binc	tru-usdt	382.4592	1.0	spot	tru	2022-08-15 02:19:16.856999936	2022	2
12793870	20582743	1660529956857.0	20370979	0.0872	611.0	binc	tru-usdt	53.2792	1.0	spot	tru	2022-08-15 02:19:16.856999936	2022	2
12793872	20582745	1660529956857.0	20370980	0.0873	1004.0	binc	tru-usdt	87.64920000000001	1.0	spot	tru	2022-08-15 02:19:16.856999936	2022	2
12793873	20582746	1660529956857.0	20370981	0.0873	116.0	binc	tru-usdt	10.1268	1.0	spot	tru	2022-08-15 02:19:16.856999936	2022	2
12793874	20582747	1660529956857.0	20370982	0.0873	2055.0	binc	tru-usdt	179.4015	1.0	spot	tru	2022-08-15 02:19:16.856999936	2022	2
12793875	20582748	1660529956857.0	20370983	0.0873	5061.0	binc	tru-usdt	441.8253	1.0	spot	tru	2022-08-15 02:19:16.856999936	2022	2
12793876	20582749	1660529956896.0	20370984	0.0872	308.0	binc	tru-usdt	26.8576	1.0	spot	tru	2022-08-15 02:19:16.896000000	2022	2
12793877	20582750	1660529956958.0	20370985	0.0872	514.0	binc	tru-usdt	44.8208	1.0	spot	tru	2022-08-15 02:19:16.958000128	2022	2
12793878	20582751	1660529965907.0	20370986	0.0872	2700.0	binc	tru-usdt	235.44	0.0	spot	tru	2022-08-15 02:19:25.907000064	2022	2
12793879	20582752	1660529965907.0	20370987	0.0871	1004.0	binc	tru-usdt	87.44839999999999	0.0	spot	tru	2022-08-15 02:19:25.907000064	2022	2
12793880	20582753	1660529965907.0	20370988	0.0871	2700.0	binc	tru-usdt	235.17	0.0	spot	tru	2022-08-15 02:19:25.907000064	2022	2
12793881	20582754	1660529965907.0	20370989	0.0871	1000.0	binc	tru-usdt	87.1	0.0	spot	tru	2022-08-15 02:19:25.907000064	2022	2
12793883	20582756	1660529965907.0	20370990	0.087	116.0	binc	tru-usdt	10.092	0.0	spot	tru	2022-08-15 02:19:25.907000064	2022	2
12793884	20582757	1660529965907.0	20370991	0.087	747.0	binc	tru-usdt	64.98899999999999	0.0	spot	tru	2022-08-15 02:19:25.907000064	2022	2
12793885	20582758	1660529965909.0	20370992	0.087	1551.0	binc	tru-usdt	134.93699999999998	0.0	spot	tru	2022-08-15 02:19:25.908999936	2022	2
12793886	20582759	1660529965909.0	20370993	0.087	1004.0	binc	tru-usdt	87.348	0.0	spot	tru	2022-08-15 02:19:25.908999936	2022	2
12793887	20582760	1660529965960.0	20370994	0.087	153.0	binc	tru-usdt	13.311	0.0	spot	tru	2022-08-15 02:19:25.960000000	2022	2
12793888	20582761	1660529965960.0	20370995	0.087	1004.0	binc	tru-usdt	87.348	0.0	spot	tru	2022-08-15 02:19:25.960000000	2022	2
12793889	20582762	1660529965960.0	20370996	0.0869	1004.0	binc	tru-usdt	87.2476	0.0	spot	tru	2022-08-15 02:19:25.960000000	2022	2
12793890	20582763	1660529965960.0	20370997	0.0869	683.0	binc	tru-usdt	59.352700000000006	0.0	spot	tru	2022-08-15 02:19:25.960000000	2022	2
12793891	20582764	1660529965960.0	20370998	0.0869	947.0	binc	tru-usdt	82.2943	0.0	spot	tru	2022-08-15 02:19:25.960000000	2022	2
12793892	20582765	1660529965966.0	20370999	0.0869	1753.0	binc	tru-usdt	152.3357	0.0	spot	tru	2022-08-15 02:19:25.966000128	2022	2
12793894	20582767	1660529965966.0	20371000	0.0868	338.0	binc	tru-usdt	29.3384	0.0	spot	tru	2022-08-15 02:19:25.966000128	2022	2
12793895	20582768	1660529965966.0	20371001	0.0868	514.0	binc	tru-usdt	44.6152	0.0	spot	tru	2022-08-15 02:19:25.966000128	2022	2
12793896	20582769	1660529965966.0	20371002	0.0868	1004.0	binc	tru-usdt	87.1472	0.0	spot	tru	2022-08-15 02:19:25.966000128	2022	2
12793897	20582770	1660529965966.0	20371003	0.0867	1444.0	binc	tru-usdt	125.1948	0.0	spot	tru	2022-08-15 02:19:25.966000128	2022	2
12793898	20582771	1660529965982.0	20371004	0.0871	156.0	binc	tru-usdt	13.5876	1.0	spot	tru	2022-08-15 02:19:25.982000128	2022	2
12793899	20582772	1660529991259.0	20371005	0.0871	457.0	binc	tru-usdt	39.8047	0.0	spot	tru	2022-08-15 02:19:51.259000064	2022	2
12793900	20582773	1660529991269.0	20371006	0.0871	457.0	binc	tru-usdt	39.8047	0.0	spot	tru	2022-08-15 02:19:51.268999936	2022	2
12793901	20582774	1660529991273.0	20371007	0.0871	457.0	binc	tru-usdt	39.8047	0.0	spot	tru	2022-08-15 02:19:51.272999936	2022	2
12793902	20582775	1660529991575.0	20371008	0.0871	171.0	binc	tru-usdt	14.8941	0.0	spot	tru	2022-08-15 02:19:51.575000064	2022	2
12793903	20582776	1660529991636.0	20371009	0.0871	457.0	binc	tru-usdt	39.8047	0.0	spot	tru	2022-08-15 02:19:51.636000000	2022	2
12793905	20582778	1660529992015.0	20371010	0.0873	1004.0	binc	tru-usdt	87.64920000000001	1.0	spot	tru	2022-08-15 02:19:52.015000064	2022	2
12793906	20582779	1660529992015.0	20371011	0.0873	2700.0	binc	tru-usdt	235.71	1.0	spot	tru	2022-08-15 02:19:52.015000064	2022	2
12793907	20582780	1660529992015.0	20371012	0.0873	116.0	binc	tru-usdt	10.1268	1.0	spot	tru	2022-08-15 02:19:52.015000064	2022	2
12793908	20582781	1660529992015.0	20371013	0.0873	514.0	binc	tru-usdt	44.8722	1.0	spot	tru	2022-08-15 02:19:52.015000064	2022	2
12793909	20582782	1660529992015.0	20371014	0.0874	4063.0	binc	tru-usdt	355.1062	1.0	spot	tru	2022-08-15 02:19:52.015000064	2022	2
12793910	20582783	1660529992015.0	20371015	0.0874	655.0	binc	tru-usdt	57.24700000000001	1.0	spot	tru	2022-08-15 02:19:52.015000064	2022	2
12793911	20582784	1660529992015.0	20371016	0.0874	2055.0	binc	tru-usdt	179.607	1.0	spot	tru	2022-08-15 02:19:52.015000064	2022	2
12793912	20582785	1660529992015.0	20371017	0.0874	1004.0	binc	tru-usdt	87.7496	1.0	spot	tru	2022-08-15 02:19:52.015000064	2022	2
12793913	20582786	1660529992015.0	20371018	0.0875	312.0	binc	tru-usdt	27.3	1.0	spot	tru	2022-08-15 02:19:52.015000064	2022	2
12793914	20582787	1660529992015.0	20371019	0.0875	431.0	binc	tru-usdt	37.7125	1.0	spot	tru	2022-08-15 02:19:52.015000064	2022	2
12793916	20582789	1660529992015.0	20371020	0.0876	228.0	binc	tru-usdt	19.9728	1.0	spot	tru	2022-08-15 02:19:52.015000064	2022	2
12793917	20582790	1660529992015.0	20371021	0.0876	2823.0	binc	tru-usdt	247.2948	1.0	spot	tru	2022-08-15 02:19:52.015000064	2022	2
12793918	20582791	1660529993162.0	20371022	0.0873	2700.0	binc	tru-usdt	235.71	0.0	spot	tru	2022-08-15 02:19:53.161999872	2022	2
12793919	20582792	1660529993162.0	20371023	0.0873	926.0	binc	tru-usdt	80.8398	0.0	spot	tru	2022-08-15 02:19:53.161999872	2022	2
12793920	20582793	1660530002188.0	20371024	0.0871	223.0	binc	tru-usdt	19.4233	0.0	spot	tru	2022-08-15 02:20:02.188000000	2022	2
12793921	20582794	1660530044744.0	20371025	0.0871	1594.0	binc	tru-usdt	138.8374	0.0	spot	tru	2022-08-15 02:20:44.744000000	2022	2
12793922	20582795	1660530075311.0	20371026	0.0871	115.0	binc	tru-usdt	10.0165	0.0	spot	tru	2022-08-15 02:21:15.311000064	2022	2
12793923	20582796	1660530075881.0	20371027	0.0871	115.0	binc	tru-usdt	10.0165	0.0	spot	tru	2022-08-15 02:21:15.880999936	2022	2
12793924	20582797	1660530077564.0	20371028	0.0871	314.0	binc	tru-usdt	27.3494	0.0	spot	tru	2022-08-15 02:21:17.564000000	2022	2
12793925	20582798	1660530077581.0	20371029	0.0873	161.0	binc	tru-usdt	14.0553	1.0	spot	tru	2022-08-15 02:21:17.580999936	2022	2
12793927	20582800	1660530078111.0	20371030	0.0871	115.0	binc	tru-usdt	10.0165	0.0	spot	tru	2022-08-15 02:21:18.111000064	2022	2
12793928	20582801	1660530081270.0	20371031	0.0871	115.0	binc	tru-usdt	10.0165	0.0	spot	tru	2022-08-15 02:21:21.270000128	2022	2
12793929	20582802	1660530081480.0	20371032	0.0871	109.0	binc	tru-usdt	9.4939	0.0	spot	tru	2022-08-15 02:21:21.480000000	2022	2
12793930	20582803	1660530081480.0	20371033	0.0871	350.0	binc	tru-usdt	30.485	0.0	spot	tru	2022-08-15 02:21:21.480000000	2022	2
12793931	20582804	1660530084214.0	20371034	0.0871	135.0	binc	tru-usdt	11.7585	0.0	spot	tru	2022-08-15 02:21:24.214000128	2022	2
12793932	20582805	1660530084767.0	20371035	0.0871	115.0	binc	tru-usdt	10.0165	0.0	spot	tru	2022-08-15 02:21:24.767000064	2022	2
12793933	20582806	1660530091644.0	20371036	0.0871	115.0	binc	tru-usdt	10.0165	0.0	spot	tru	2022-08-15 02:21:31.644000000	2022	2
12793934	20582807	1660530092832.0	20371037	0.0871	115.0	binc	tru-usdt	10.0165	0.0	spot	tru	2022-08-15 02:21:32.832000000	2022	2
12793935	20582808	1660530093370.0	20371038	0.0871	115.0	binc	tru-usdt	10.0165	0.0	spot	tru	2022-08-15 02:21:33.369999872	2022	2
12793936	20582809	1660530101274.0	20371039	0.0871	118.0	binc	tru-usdt	10.2778	0.0	spot	tru	2022-08-15 02:21:41.273999872	2022	2
12793938	20582811	1660530198582.0	20371040	0.0873	161.0	binc	tru-usdt	14.0553	1.0	spot	tru	2022-08-15 02:23:18.582000128	2022	2
12793939	20582812	1660530221946.0	20371041	0.0873	355.0	binc	tru-usdt	30.9915	1.0	spot	tru	2022-08-15 02:23:41.945999872	2022	2
12793940	20582813	1660530507215.0	20371042	0.0874	514.0	binc	tru-usdt	44.9236	1.0	spot	tru	2022-08-15 02:28:27.215000064	2022	2
12793941	20582814	1660530519221.0	20371043	0.0874	735.0	binc	tru-usdt	64.239	1.0	spot	tru	2022-08-15 02:28:39.220999936	2022	2
12793942	20582815	1660530542183.0	20371044	0.0875	1172.0	binc	tru-usdt	102.55	1.0	spot	tru	2022-08-15 02:29:02.183000064	2022	2
12793943	20582816	1660530542183.0	20371045	0.0875	514.0	binc	tru-usdt	44.975	1.0	spot	tru	2022-08-15 02:29:02.183000064	2022	2
12793944	20582817	1660530542183.0	20371046	0.0875	979.0	binc	tru-usdt	85.6625	1.0	spot	tru	2022-08-15 02:29:02.183000064	2022	2
12793945	20582818	1660530547971.0	20371047	0.0876	1004.0	binc	tru-usdt	87.9504	1.0	spot	tru	2022-08-15 02:29:07.971000064	2022	2
12793946	20582819	1660530548039.0	20371048	0.0876	1104.0	binc	tru-usdt	96.7104	1.0	spot	tru	2022-08-15 02:29:08.039000064	2022	2
12793947	20582820	1660530548080.0	20371049	0.0876	1104.0	binc	tru-usdt	96.7104	1.0	spot	tru	2022-08-15 02:29:08.080000000	2022	2
12793949	20582822	1660530548080.0	20371050	0.0877	116.0	binc	tru-usdt	10.1732	1.0	spot	tru	2022-08-15 02:29:08.080000000	2022	2
12793950	20582823	1660530548080.0	20371051	0.0877	579.0	binc	tru-usdt	50.7783	1.0	spot	tru	2022-08-15 02:29:08.080000000	2022	2
12793951	20582824	1660530548080.0	20371052	0.0877	1095.0	binc	tru-usdt	96.0315	1.0	spot	tru	2022-08-15 02:29:08.080000000	2022	2
12793952	20582825	1660530548102.0	20371053	0.0876	1069.0	binc	tru-usdt	93.6444	1.0	spot	tru	2022-08-15 02:29:08.102000128	2022	2
12793953	20582826	1660530548112.0	20371054	0.0876	35.0	binc	tru-usdt	3.066	1.0	spot	tru	2022-08-15 02:29:08.112000000	2022	2
12793954	20582827	1660530550626.0	20371055	0.0875	627.0	binc	tru-usdt	54.8625	0.0	spot	tru	2022-08-15 02:29:10.625999872	2022	2
12793955	20582828	1660530741232.0	20371056	0.0877	514.0	binc	tru-usdt	45.0778	1.0	spot	tru	2022-08-15 02:32:21.232000000	2022	2
12793956	20582829	1660530785515.0	20371057	0.0878	209.0	binc	tru-usdt	18.3502	1.0	spot	tru	2022-08-15 02:33:05.515000064	2022	2
12793957	20582830	1660530785555.0	20371058	0.0878	2491.0	binc	tru-usdt	218.7098	1.0	spot	tru	2022-08-15 02:33:05.555000064	2022	2
12793958	20582831	1660530785555.0	20371059	0.0878	899.0	binc	tru-usdt	78.93220000000001	1.0	spot	tru	2022-08-15 02:33:05.555000064	2022	2
12793960	20582833	1660530785568.0	20371060	0.0878	912.0	binc	tru-usdt	80.0736	1.0	spot	tru	2022-08-15 02:33:05.568000000	2022	2
12793961	20582834	1660530786556.0	20371061	0.0877	628.0	binc	tru-usdt	55.0756	0.0	spot	tru	2022-08-15 02:33:06.556000000	2022	2
12793962	20582835	1660530805595.0	20371062	0.0879	5032.0	binc	tru-usdt	442.3128	1.0	spot	tru	2022-08-15 02:33:25.595000064	2022	2
12793963	20582836	1660530805595.0	20371063	0.0879	428.0	binc	tru-usdt	37.6212	1.0	spot	tru	2022-08-15 02:33:25.595000064	2022	2
12793964	20582837	1660530805595.0	20371064	0.0879	1104.0	binc	tru-usdt	97.0416	1.0	spot	tru	2022-08-15 02:33:25.595000064	2022	2
12793965	20582838	1660530805595.0	20371065	0.0879	2700.0	binc	tru-usdt	237.33	1.0	spot	tru	2022-08-15 02:33:25.595000064	2022	2
12793966	20582839	1660530805595.0	20371066	0.088	116.0	binc	tru-usdt	10.208	1.0	spot	tru	2022-08-15 02:33:25.595000064	2022	2
12793967	20582840	1660530805595.0	20371067	0.088	205.0	binc	tru-usdt	18.04	1.0	spot	tru	2022-08-15 02:33:25.595000064	2022	2
12793968	20582841	1660530805595.0	20371068	0.088	309.0	binc	tru-usdt	27.192	1.0	spot	tru	2022-08-15 02:33:25.595000064	2022	2
12793969	20582842	1660530805595.0	20371069	0.088	228.0	binc	tru-usdt	20.064	1.0	spot	tru	2022-08-15 02:33:25.595000064	2022	2
12793971	20582844	1660530805595.0	20371070	0.088	134.0	binc	tru-usdt	11.792	1.0	spot	tru	2022-08-15 02:33:25.595000064	2022	2
12793972	20582845	1660530805595.0	20371071	0.088	116.0	binc	tru-usdt	10.208	1.0	spot	tru	2022-08-15 02:33:25.595000064	2022	2
12793973	20582846	1660530805595.0	20371072	0.088	114.0	binc	tru-usdt	10.032	1.0	spot	tru	2022-08-15 02:33:25.595000064	2022	2
12793974	20582847	1660530805595.0	20371073	0.088	3980.0	binc	tru-usdt	350.23999999999995	1.0	spot	tru	2022-08-15 02:33:25.595000064	2022	2
12793975	20582848	1660530805595.0	20371074	0.088	1104.0	binc	tru-usdt	97.152	1.0	spot	tru	2022-08-15 02:33:25.595000064	2022	2
12793976	20582849	1660530805595.0	20371075	0.088	514.0	binc	tru-usdt	45.232	1.0	spot	tru	2022-08-15 02:33:25.595000064	2022	2
12793977	20582850	1660530805595.0	20371076	0.088	3674.0	binc	tru-usdt	323.31199999999995	1.0	spot	tru	2022-08-15 02:33:25.595000064	2022	2
12793978	20582851	1660530805595.0	20371077	0.088	5000.0	binc	tru-usdt	440.0	1.0	spot	tru	2022-08-15 02:33:25.595000064	2022	2
12793979	20582852	1660530805595.0	20371078	0.088	5663.0	binc	tru-usdt	498.344	1.0	spot	tru	2022-08-15 02:33:25.595000064	2022	2
12793980	20582853	1660530946682.0	20371079	0.0879	627.0	binc	tru-usdt	55.1133	0.0	spot	tru	2022-08-15 02:35:46.681999872	2022	2
12793982	20582855	1660530946699.0	20371080	0.0879	588.0	binc	tru-usdt	51.6852	0.0	spot	tru	2022-08-15 02:35:46.699000064	2022	2
12793983	20582856	1660530946699.0	20371081	0.0879	4447.0	binc	tru-usdt	390.8913	0.0	spot	tru	2022-08-15 02:35:46.699000064	2022	2
12793984	20582857	1660530946746.0	20371082	0.0879	123.0	binc	tru-usdt	10.8117	0.0	spot	tru	2022-08-15 02:35:46.745999872	2022	2
12793985	20582858	1660530946751.0	20371083	0.0879	1092.0	binc	tru-usdt	95.9868	0.0	spot	tru	2022-08-15 02:35:46.751000064	2022	2
12793986	20582859	1660530946767.0	20371084	0.0879	1092.0	binc	tru-usdt	95.9868	0.0	spot	tru	2022-08-15 02:35:46.767000064	2022	2
12793987	20582860	1660530946776.0	20371085	0.0879	123.0	binc	tru-usdt	10.8117	0.0	spot	tru	2022-08-15 02:35:46.776000000	2022	2
12793988	20582861	1660530946862.0	20371086	0.0879	1215.0	binc	tru-usdt	106.7985	0.0	spot	tru	2022-08-15 02:35:46.862000128	2022	2
12793989	20582862	1660530946898.0	20371087	0.0879	1215.0	binc	tru-usdt	106.7985	0.0	spot	tru	2022-08-15 02:35:46.897999872	2022	2
12793990	20582863	1660530946911.0	20371088	0.0879	514.0	binc	tru-usdt	45.180600000000005	0.0	spot	tru	2022-08-15 02:35:46.911000064	2022	2
12793991	20582864	1660530946914.0	20371089	0.0879	701.0	binc	tru-usdt	61.617900000000006	0.0	spot	tru	2022-08-15 02:35:46.913999872	2022	2
12793993	20582866	1660530946993.0	20371090	0.0878	1000.0	binc	tru-usdt	87.8	0.0	spot	tru	2022-08-15 02:35:46.992999936	2022	2
12793994	20582867	1660530946993.0	20371091	0.0878	1215.0	binc	tru-usdt	106.677	0.0	spot	tru	2022-08-15 02:35:46.992999936	2022	2
12793995	20582868	1660530946993.0	20371092	0.0878	2700.0	binc	tru-usdt	237.06	0.0	spot	tru	2022-08-15 02:35:46.992999936	2022	2
12793996	20582869	1660530946993.0	20371093	0.0878	542.0	binc	tru-usdt	47.5876	0.0	spot	tru	2022-08-15 02:35:46.992999936	2022	2
12793997	20582870	1660530991202.0	20371094	0.088	112.0	binc	tru-usdt	9.856	1.0	spot	tru	2022-08-15 02:36:31.201999872	2022	2
12793998	20582871	1660531045028.0	20371095	0.0878	12370.0	binc	tru-usdt	1086.086	0.0	spot	tru	2022-08-15 02:37:25.028000000	2022	2
12793999	20582872	1660531045039.0	20371096	0.0878	2787.0	binc	tru-usdt	244.6986	0.0	spot	tru	2022-08-15 02:37:25.039000064	2022	2
12794000	20582873	1660531045039.0	20371097	0.0878	1000.0	binc	tru-usdt	87.8	0.0	spot	tru	2022-08-15 02:37:25.039000064	2022	2
12794001	20582874	1660531045039.0	20371098	0.0878	1813.0	binc	tru-usdt	159.1814	0.0	spot	tru	2022-08-15 02:37:25.039000064	2022	2
12794002	20582875	1660531045041.0	20371099	0.0878	887.0	binc	tru-usdt	77.8786	0.0	spot	tru	2022-08-15 02:37:25.040999936	2022	2
12794004	20582877	1660531045041.0	20371100	0.0878	2119.0	binc	tru-usdt	186.0482	0.0	spot	tru	2022-08-15 02:37:25.040999936	2022	2
12794005	20582878	1660531051785.0	20371101	0.0878	113.0	binc	tru-usdt	9.9214	1.0	spot	tru	2022-08-15 02:37:31.784999936	2022	2
12794006	20582879	1660531205841.0	20371102	0.0878	115.0	binc	tru-usdt	10.097	0.0	spot	tru	2022-08-15 02:40:05.840999936	2022	2
12794007	20582880	1660531206400.0	20371103	0.0878	121.0	binc	tru-usdt	10.6238	0.0	spot	tru	2022-08-15 02:40:06.400000000	2022	2
12794008	20582881	1660531207264.0	20371104	0.0878	120.0	binc	tru-usdt	10.536	0.0	spot	tru	2022-08-15 02:40:07.264000000	2022	2
12794009	20582882	1660531208018.0	20371105	0.0878	120.0	binc	tru-usdt	10.536	0.0	spot	tru	2022-08-15 02:40:08.017999872	2022	2
12794010	20582883	1660531208587.0	20371106	0.0878	118.0	binc	tru-usdt	10.3604	0.0	spot	tru	2022-08-15 02:40:08.587000064	2022	2
12794011	20582884	1660531209134.0	20371107	0.0878	115.0	binc	tru-usdt	10.097	0.0	spot	tru	2022-08-15 02:40:09.134000128	2022	2
12794012	20582885	1660531209687.0	20371108	0.0878	115.0	binc	tru-usdt	10.097	0.0	spot	tru	2022-08-15 02:40:09.687000064	2022	2
12794013	20582886	1660531210233.0	20371109	0.0878	115.0	binc	tru-usdt	10.097	0.0	spot	tru	2022-08-15 02:40:10.232999936	2022	2
12794015	20582888	1660531210825.0	20371110	0.0878	120.0	binc	tru-usdt	10.536	0.0	spot	tru	2022-08-15 02:40:10.824999936	2022	2
12794016	20582889	1660531398079.0	20371111	0.088	137.0	binc	tru-usdt	12.056	1.0	spot	tru	2022-08-15 02:43:18.079000064	2022	2
12794017	20582890	1660531407239.0	20371112	0.088	115.0	binc	tru-usdt	10.12	1.0	spot	tru	2022-08-15 02:43:27.239000064	2022	2
12794018	20582891	1660531473577.0	20371113	0.088	2273.0	binc	tru-usdt	200.024	1.0	spot	tru	2022-08-15 02:44:33.576999936	2022	2
12794019	20582892	1660531484425.0	20371114	0.0878	137.0	binc	tru-usdt	12.0286	0.0	spot	tru	2022-08-15 02:44:44.424999936	2022	2
12794020	20582893	1660531486291.0	20371115	0.088	63.0	binc	tru-usdt	5.544	1.0	spot	tru	2022-08-15 02:44:46.291000064	2022	2
12794021	20582894	1660531486291.0	20371116	0.088	50.0	binc	tru-usdt	4.4	1.0	spot	tru	2022-08-15 02:44:46.291000064	2022	2
12794022	20582895	1660531900042.0	20371117	0.0879	616.0	binc	tru-usdt	54.14640000000001	1.0	spot	tru	2022-08-15 02:51:40.041999872	2022	2
12794023	20582896	1660531909389.0	20371118	0.088	2700.0	binc	tru-usdt	237.6	0.0	spot	tru	2022-08-15 02:51:49.388999936	2022	2
12794024	20582897	1660532166213.0	20371119	0.0881	272.0	binc	tru-usdt	23.9632	1.0	spot	tru	2022-08-15 02:56:06.212999936	2022	2
12794026	20582899	1660532166213.0	20371120	0.0881	138.0	binc	tru-usdt	12.1578	1.0	spot	tru	2022-08-15 02:56:06.212999936	2022	2
12794027	20582900	1660532166213.0	20371121	0.0881	272.0	binc	tru-usdt	23.9632	1.0	spot	tru	2022-08-15 02:56:06.212999936	2022	2
12794028	20582901	1660532198138.0	20371122	0.088	1197.0	binc	tru-usdt	105.336	0.0	spot	tru	2022-08-15 02:56:38.137999872	2022	2
12794029	20582902	1660532198442.0	20371123	0.0879	872.0	binc	tru-usdt	76.64880000000001	0.0	spot	tru	2022-08-15 02:56:38.441999872	2022	2
12794030	20582903	1660532198453.0	20371124	0.0879	1398.0	binc	tru-usdt	122.8842	0.0	spot	tru	2022-08-15 02:56:38.452999936	2022	2
12794031	20582904	1660532453459.0	20371125	0.0878	1500.0	binc	tru-usdt	131.70000000000002	0.0	spot	tru	2022-08-15 03:00:53.459000064	2022	3
12794032	20582905	1660532515753.0	20371126	0.0878	856.0	binc	tru-usdt	75.1568	0.0	spot	tru	2022-08-15 03:01:55.752999936	2022	3
12794033	20582906	1660532515753.0	20371127	0.0878	839.0	binc	tru-usdt	73.66420000000001	0.0	spot	tru	2022-08-15 03:01:55.752999936	2022	3
12794034	20582907	1660532516218.0	20371128	0.0877	116.0	binc	tru-usdt	10.1732	0.0	spot	tru	2022-08-15 03:01:56.217999872	2022	3
12794035	20582908	1660532516244.0	20371129	0.0877	115.0	binc	tru-usdt	10.0855	0.0	spot	tru	2022-08-15 03:01:56.244000000	2022	3
12794037	20582910	1660532597045.0	20371130	0.0878	1139.0	binc	tru-usdt	100.0042	1.0	spot	tru	2022-08-15 03:03:17.044999936	2022	3
12794038	20582911	1660532600119.0	20371131	0.0878	160.0	binc	tru-usdt	14.048	1.0	spot	tru	2022-08-15 03:03:20.119000064	2022	3
12794039	20582912	1660532605785.0	20371132	0.0878	2540.0	binc	tru-usdt	223.012	1.0	spot	tru	2022-08-15 03:03:25.784999936	2022	3
12794040	20582913	1660532605785.0	20371133	0.0878	1083.0	binc	tru-usdt	95.0874	1.0	spot	tru	2022-08-15 03:03:25.784999936	2022	3
12794041	20582914	1660532606528.0	20371134	0.0878	115.0	binc	tru-usdt	10.097	0.0	spot	tru	2022-08-15 03:03:26.528000000	2022	3
12794042	20582915	1660532607071.0	20371135	0.0878	119.0	binc	tru-usdt	10.4482	0.0	spot	tru	2022-08-15 03:03:27.071000064	2022	3
12794043	20582916	1660532607169.0	20371136	0.0878	213.0	binc	tru-usdt	18.7014	0.0	spot	tru	2022-08-15 03:03:27.168999936	2022	3
12794044	20582917	1660532607620.0	20371137	0.0878	115.0	binc	tru-usdt	10.097	0.0	spot	tru	2022-08-15 03:03:27.620000000	2022	3
12794045	20582918	1660532608153.0	20371138	0.0878	118.0	binc	tru-usdt	10.3604	0.0	spot	tru	2022-08-15 03:03:28.152999936	2022	3
12794046	20582919	1660532608167.0	20371139	0.0878	1391.0	binc	tru-usdt	122.1298	0.0	spot	tru	2022-08-15 03:03:28.167000064	2022	3
12794048	20582921	1660532652814.0	20371140	0.0878	979.0	binc	tru-usdt	85.95620000000001	1.0	spot	tru	2022-08-15 03:04:12.814000128	2022	3
12794049	20582922	1660532652816.0	20371141	0.0878	817.0	binc	tru-usdt	71.7326	1.0	spot	tru	2022-08-15 03:04:12.816000000	2022	3
12794050	20582923	1660532652825.0	20371142	0.0878	904.0	binc	tru-usdt	79.3712	1.0	spot	tru	2022-08-15 03:04:12.824999936	2022	3
12794051	20582924	1660532681378.0	20371143	0.0878	137.0	binc	tru-usdt	12.0286	0.0	spot	tru	2022-08-15 03:04:41.377999872	2022	3
12794052	20582925	1660532772415.0	20371144	0.0877	979.0	binc	tru-usdt	85.8583	0.0	spot	tru	2022-08-15 03:06:12.415000064	2022	3
12794053	20582926	1660532786375.0	20371145	0.0876	4063.0	binc	tru-usdt	355.9188	0.0	spot	tru	2022-08-15 03:06:26.375000064	2022	3
12794054	20582927	1660532786375.0	20371146	0.0876	115.0	binc	tru-usdt	10.074	0.0	spot	tru	2022-08-15 03:06:26.375000064	2022	3
12794055	20582928	1660532786375.0	20371147	0.0876	774.0	binc	tru-usdt	67.80239999999999	0.0	spot	tru	2022-08-15 03:06:26.375000064	2022	3
12794056	20582929	1660532786375.0	20371148	0.0876	1000.0	binc	tru-usdt	87.6	0.0	spot	tru	2022-08-15 03:06:26.375000064	2022	3
12794057	20582930	1660532786375.0	20371149	0.0876	1997.0	binc	tru-usdt	174.9372	0.0	spot	tru	2022-08-15 03:06:26.375000064	2022	3
12794059	20582932	1660532786375.0	20371150	0.0876	2168.0	binc	tru-usdt	189.9168	0.0	spot	tru	2022-08-15 03:06:26.375000064	2022	3
12794060	20582933	1660532786375.0	20371151	0.0876	2700.0	binc	tru-usdt	236.52	0.0	spot	tru	2022-08-15 03:06:26.375000064	2022	3
12794061	20582934	1660532786375.0	20371152	0.0875	4317.0	binc	tru-usdt	377.7375	0.0	spot	tru	2022-08-15 03:06:26.375000064	2022	3
12794062	20582935	1660532786375.0	20371153	0.0875	514.0	binc	tru-usdt	44.975	0.0	spot	tru	2022-08-15 03:06:26.375000064	2022	3
12794063	20582936	1660532786375.0	20371154	0.0874	1000.0	binc	tru-usdt	87.4	0.0	spot	tru	2022-08-15 03:06:26.375000064	2022	3
12794064	20582937	1660532786375.0	20371155	0.0874	310.0	binc	tru-usdt	27.094	0.0	spot	tru	2022-08-15 03:06:26.375000064	2022	3
12794065	20582938	1660532786375.0	20371156	0.0874	228.0	binc	tru-usdt	19.927200000000003	0.0	spot	tru	2022-08-15 03:06:26.375000064	2022	3
12794066	20582939	1660532786375.0	20371157	0.0874	8159.0	binc	tru-usdt	713.0966000000001	0.0	spot	tru	2022-08-15 03:06:26.375000064	2022	3
12794067	20582940	1660532786375.0	20371158	0.0873	116.0	binc	tru-usdt	10.1268	0.0	spot	tru	2022-08-15 03:06:26.375000064	2022	3
12794068	20582941	1660532786375.0	20371159	0.0873	429.0	binc	tru-usdt	37.4517	0.0	spot	tru	2022-08-15 03:06:26.375000064	2022	3
12794070	20582943	1660532786375.0	20371160	0.0873	5556.0	binc	tru-usdt	485.0388	0.0	spot	tru	2022-08-15 03:06:26.375000064	2022	3
12794071	20582944	1660532808768.0	20371161	0.0875	605.0	binc	tru-usdt	52.9375	1.0	spot	tru	2022-08-15 03:06:48.768000000	2022	3
12794072	20582945	1660532873406.0	20371162	0.0874	274.0	binc	tru-usdt	23.9476	0.0	spot	tru	2022-08-15 03:07:53.406000128	2022	3
12794073	20582946	1660532873406.0	20371163	0.0874	2186.0	binc	tru-usdt	191.0564	0.0	spot	tru	2022-08-15 03:07:53.406000128	2022	3
12794074	20582947	1660532873406.0	20371164	0.0874	448.0	binc	tru-usdt	39.1552	0.0	spot	tru	2022-08-15 03:07:53.406000128	2022	3
12794075	20582948	1660532880999.0	20371165	0.0874	115.0	binc	tru-usdt	10.051	0.0	spot	tru	2022-08-15 03:08:00.999000064	2022	3
12794076	20582949	1660532881785.0	20371166	0.0875	1787.0	binc	tru-usdt	156.36249999999998	1.0	spot	tru	2022-08-15 03:08:01.784999936	2022	3
12794077	20582950	1660532883074.0	20371167	0.0874	115.0	binc	tru-usdt	10.051	0.0	spot	tru	2022-08-15 03:08:03.073999872	2022	3
12794078	20582951	1660532899816.0	20371168	0.0874	1450.0	binc	tru-usdt	126.73	0.0	spot	tru	2022-08-15 03:08:19.816000000	2022	3
12794079	20582952	1660532908534.0	20371169	0.0874	8730.0	binc	tru-usdt	763.0020000000001	0.0	spot	tru	2022-08-15 03:08:28.534000128	2022	3
12794081	20582954	1660532908594.0	20371170	0.0873	904.0	binc	tru-usdt	78.9192	0.0	spot	tru	2022-08-15 03:08:28.593999872	2022	3
12794082	20582955	1660532908610.0	20371171	0.0873	96.0	binc	tru-usdt	8.3808	0.0	spot	tru	2022-08-15 03:08:28.609999872	2022	3
12794083	20582956	1660532908610.0	20371172	0.0873	259.0	binc	tru-usdt	22.6107	0.0	spot	tru	2022-08-15 03:08:28.609999872	2022	3
12794084	20582957	1660532908637.0	20371173	0.0873	276.0	binc	tru-usdt	24.0948	0.0	spot	tru	2022-08-15 03:08:28.636999936	2022	3
12794085	20582958	1660532953302.0	20371174	0.0873	115.0	binc	tru-usdt	10.0395	0.0	spot	tru	2022-08-15 03:09:13.302000128	2022	3
12794086	20582959	1660532968646.0	20371175	0.0874	2700.0	binc	tru-usdt	235.98	1.0	spot	tru	2022-08-15 03:09:28.646000128	2022	3
12794087	20582960	1660532968646.0	20371176	0.0874	1083.0	binc	tru-usdt	94.6542	1.0	spot	tru	2022-08-15 03:09:28.646000128	2022	3
12794088	20582961	1660532968646.0	20371177	0.0875	913.0	binc	tru-usdt	79.88749999999999	1.0	spot	tru	2022-08-15 03:09:28.646000128	2022	3
12794089	20582962	1660532968646.0	20371178	0.0875	1083.0	binc	tru-usdt	94.7625	1.0	spot	tru	2022-08-15 03:09:28.646000128	2022	3
12794090	20582963	1660532968646.0	20371179	0.0875	8059.0	binc	tru-usdt	705.1624999999999	1.0	spot	tru	2022-08-15 03:09:28.646000128	2022	3
12794092	20582965	1660532968646.0	20371180	0.0875	514.0	binc	tru-usdt	44.975	1.0	spot	tru	2022-08-15 03:09:28.646000128	2022	3
12794093	20582966	1660532968646.0	20371181	0.0875	23939.0	binc	tru-usdt	2094.6625	1.0	spot	tru	2022-08-15 03:09:28.646000128	2022	3
12794094	20582967	1660532968671.0	20371182	0.0875	1083.0	binc	tru-usdt	94.7625	1.0	spot	tru	2022-08-15 03:09:28.671000064	2022	3
12794095	20582968	1660532968735.0	20371183	0.0874	118.0	binc	tru-usdt	10.3132	0.0	spot	tru	2022-08-15 03:09:28.735000064	2022	3
12794096	20582969	1660532968929.0	20371184	0.0875	1083.0	binc	tru-usdt	94.7625	1.0	spot	tru	2022-08-15 03:09:28.928999936	2022	3
12794097	20582970	1660532968960.0	20371185	0.0876	1083.0	binc	tru-usdt	94.8708	1.0	spot	tru	2022-08-15 03:09:28.960000000	2022	3
12794098	20582971	1660532968960.0	20371186	0.0876	3466.0	binc	tru-usdt	303.6216	1.0	spot	tru	2022-08-15 03:09:28.960000000	2022	3
12794099	20582972	1660532968974.0	20371187	0.0876	597.0	binc	tru-usdt	52.2972	1.0	spot	tru	2022-08-15 03:09:28.974000128	2022	3
12794100	20582973	1660532968984.0	20371188	0.0876	486.0	binc	tru-usdt	42.5736	1.0	spot	tru	2022-08-15 03:09:28.984000000	2022	3
12794101	20582974	1660532969185.0	20371189	0.0876	597.0	binc	tru-usdt	52.2972	1.0	spot	tru	2022-08-15 03:09:29.184999936	2022	3
12794103	20582976	1660532980384.0	20371190	0.0877	116.0	binc	tru-usdt	10.1732	1.0	spot	tru	2022-08-15 03:09:40.384000000	2022	3
12794104	20582977	1660532980384.0	20371191	0.0877	30.0	binc	tru-usdt	2.631	1.0	spot	tru	2022-08-15 03:09:40.384000000	2022	3
12794105	20582978	1660533003477.0	20371192	0.0877	115.0	binc	tru-usdt	10.0855	1.0	spot	tru	2022-08-15 03:10:03.476999936	2022	3
12794106	20582979	1660533006198.0	20371193	0.0877	115.0	binc	tru-usdt	10.0855	1.0	spot	tru	2022-08-15 03:10:06.198000128	2022	3
12794107	20582980	1660533008427.0	20371194	0.0877	123.0	binc	tru-usdt	10.7871	1.0	spot	tru	2022-08-15 03:10:08.427000064	2022	3
12794108	20582981	1660533008971.0	20371195	0.0877	129.0	binc	tru-usdt	11.3133	1.0	spot	tru	2022-08-15 03:10:08.971000064	2022	3
12794109	20582982	1660533009532.0	20371196	0.0877	120.0	binc	tru-usdt	10.524	1.0	spot	tru	2022-08-15 03:10:09.532000000	2022	3
12794110	20582983	1660533010095.0	20371197	0.0877	118.0	binc	tru-usdt	10.3486	1.0	spot	tru	2022-08-15 03:10:10.095000064	2022	3
12794111	20582984	1660533010652.0	20371198	0.0877	115.0	binc	tru-usdt	10.0855	1.0	spot	tru	2022-08-15 03:10:10.652000000	2022	3
12794112	20582985	1660533011212.0	20371199	0.0877	135.0	binc	tru-usdt	11.8395	1.0	spot	tru	2022-08-15 03:10:11.212000000	2022	3
12794114	20582987	1660533011762.0	20371200	0.0877	115.0	binc	tru-usdt	10.0855	1.0	spot	tru	2022-08-15 03:10:11.761999872	2022	3
12794115	20582988	1660533012310.0	20371201	0.0877	115.0	binc	tru-usdt	10.0855	1.0	spot	tru	2022-08-15 03:10:12.310000128	2022	3
12794116	20582989	1660533012661.0	20371202	0.0877	1568.0	binc	tru-usdt	137.5136	1.0	spot	tru	2022-08-15 03:10:12.660999936	2022	3
12794117	20582990	1660533012661.0	20371203	0.0877	1525.0	binc	tru-usdt	133.7425	1.0	spot	tru	2022-08-15 03:10:12.660999936	2022	3
12794118	20582991	1660533027838.0	20371204	0.0878	115.0	binc	tru-usdt	10.097	1.0	spot	tru	2022-08-15 03:10:27.838000128	2022	3
12794119	20582992	1660533027882.0	20371205	0.0878	1845.0	binc	tru-usdt	161.991	1.0	spot	tru	2022-08-15 03:10:27.881999872	2022	3
12794120	20582993	1660533027892.0	20371206	0.0878	2585.0	binc	tru-usdt	226.963	1.0	spot	tru	2022-08-15 03:10:27.892000000	2022	3
12794121	20582994	1660533028399.0	20371207	0.0879	122.0	binc	tru-usdt	10.7238	1.0	spot	tru	2022-08-15 03:10:28.399000064	2022	3
12794122	20582995	1660533028615.0	20371208	0.0879	307.0	binc	tru-usdt	26.9853	1.0	spot	tru	2022-08-15 03:10:28.615000064	2022	3
12794123	20582996	1660533028615.0	20371209	0.0879	274.0	binc	tru-usdt	24.0846	1.0	spot	tru	2022-08-15 03:10:28.615000064	2022	3
12794125	20582998	1660533028615.0	20371210	0.0879	398.0	binc	tru-usdt	34.9842	1.0	spot	tru	2022-08-15 03:10:28.615000064	2022	3
12794126	20582999	1660533028627.0	20371211	0.0879	1592.0	binc	tru-usdt	139.9368	1.0	spot	tru	2022-08-15 03:10:28.627000064	2022	3
12794127	20583000	1660533028977.0	20371212	0.088	115.0	binc	tru-usdt	10.12	1.0	spot	tru	2022-08-15 03:10:28.976999936	2022	3
12794128	20583001	1660533030867.0	20371213	0.0879	589.0	binc	tru-usdt	51.77310000000001	0.0	spot	tru	2022-08-15 03:10:30.867000064	2022	3
12794129	20583002	1660533031292.0	20371214	0.0879	2111.0	binc	tru-usdt	185.5569	0.0	spot	tru	2022-08-15 03:10:31.292000000	2022	3
12794130	20583003	1660533031292.0	20371215	0.0878	2277.0	binc	tru-usdt	199.9206	0.0	spot	tru	2022-08-15 03:10:31.292000000	2022	3
12794131	20583004	1660533031292.0	20371216	0.0878	1083.0	binc	tru-usdt	95.0874	0.0	spot	tru	2022-08-15 03:10:31.292000000	2022	3
12794132	20583005	1660533031292.0	20371217	0.0877	2700.0	binc	tru-usdt	236.79	0.0	spot	tru	2022-08-15 03:10:31.292000000	2022	3
12794133	20583006	1660533031292.0	20371218	0.0877	1083.0	binc	tru-usdt	94.9791	0.0	spot	tru	2022-08-15 03:10:31.292000000	2022	3
12794134	20583007	1660533031292.0	20371219	0.0877	514.0	binc	tru-usdt	45.0778	0.0	spot	tru	2022-08-15 03:10:31.292000000	2022	3
12794136	20583009	1660533031292.0	20371220	0.0876	1083.0	binc	tru-usdt	94.8708	0.0	spot	tru	2022-08-15 03:10:31.292000000	2022	3
12794137	20583010	1660533031292.0	20371221	0.0876	4063.0	binc	tru-usdt	355.9188	0.0	spot	tru	2022-08-15 03:10:31.292000000	2022	3
12794138	20583011	1660533031292.0	20371222	0.0876	4812.0	binc	tru-usdt	421.5312	0.0	spot	tru	2022-08-15 03:10:31.292000000	2022	3
12794139	20583012	1660533031292.0	20371223	0.0875	75.0	binc	tru-usdt	6.5625	0.0	spot	tru	2022-08-15 03:10:31.292000000	2022	3
12794140	20583013	1660533031373.0	20371224	0.0878	115.0	binc	tru-usdt	10.097	1.0	spot	tru	2022-08-15 03:10:31.372999936	2022	3
12794141	20583014	1660533031385.0	20371225	0.0878	2585.0	binc	tru-usdt	226.963	1.0	spot	tru	2022-08-15 03:10:31.384999936	2022	3
12794142	20583015	1660533031659.0	20371226	0.0877	355.0	binc	tru-usdt	31.1335	1.0	spot	tru	2022-08-15 03:10:31.659000064	2022	3
12794143	20583016	1660533031669.0	20371227	0.0877	728.0	binc	tru-usdt	63.8456	1.0	spot	tru	2022-08-15 03:10:31.668999936	2022	3
12794144	20583017	1660533031669.0	20371228	0.0877	2700.0	binc	tru-usdt	236.79	1.0	spot	tru	2022-08-15 03:10:31.668999936	2022	3
12794145	20583018	1660533033612.0	20371229	0.0878	115.0	binc	tru-usdt	10.097	1.0	spot	tru	2022-08-15 03:10:33.612000000	2022	3
12794147	20583020	1660533034174.0	20371230	0.0878	115.0	binc	tru-usdt	10.097	1.0	spot	tru	2022-08-15 03:10:34.174000128	2022	3
12794148	20583021	1660533122041.0	20371231	0.0878	853.0	binc	tru-usdt	74.8934	1.0	spot	tru	2022-08-15 03:12:02.040999936	2022	3
12794149	20583022	1660533122054.0	20371232	0.0878	853.0	binc	tru-usdt	74.8934	1.0	spot	tru	2022-08-15 03:12:02.054000128	2022	3
12794150	20583023	1660533122055.0	20371233	0.0878	230.0	binc	tru-usdt	20.194	1.0	spot	tru	2022-08-15 03:12:02.055000064	2022	3
12794151	20583024	1660533240277.0	20371234	0.088	1.0	binc	tru-usdt	0.088	1.0	spot	tru	2022-08-15 03:14:00.276999936	2022	3
12794152	20583025	1660533240277.0	20371235	0.088	160.0	binc	tru-usdt	14.079999999999998	1.0	spot	tru	2022-08-15 03:14:00.276999936	2022	3
12794153	20583026	1660533248018.0	20371236	0.088	150.0	binc	tru-usdt	13.2	1.0	spot	tru	2022-08-15 03:14:08.017999872	2022	3
12794154	20583027	1660533248018.0	20371237	0.088	228.0	binc	tru-usdt	20.064	1.0	spot	tru	2022-08-15 03:14:08.017999872	2022	3
12794155	20583028	1660533248018.0	20371238	0.088	2700.0	binc	tru-usdt	237.6	1.0	spot	tru	2022-08-15 03:14:08.017999872	2022	3
12794156	20583029	1660533248018.0	20371239	0.088	7.0	binc	tru-usdt	0.616	1.0	spot	tru	2022-08-15 03:14:08.017999872	2022	3
12794158	20583031	1660533248020.0	20371240	0.088	702.0	binc	tru-usdt	61.776	1.0	spot	tru	2022-08-15 03:14:08.020000000	2022	3
12794159	20583032	1660533257455.0	20371241	0.0881	777.0	binc	tru-usdt	68.4537	1.0	spot	tru	2022-08-15 03:14:17.455000064	2022	3
12794160	20583033	1660533257455.0	20371242	0.0881	4063.0	binc	tru-usdt	357.9503	1.0	spot	tru	2022-08-15 03:14:17.455000064	2022	3
12794161	20583034	1660533257455.0	20371243	0.0881	3138.0	binc	tru-usdt	276.4578	1.0	spot	tru	2022-08-15 03:14:17.455000064	2022	3
12794162	20583035	1660533275795.0	20371244	0.0881	456.0	binc	tru-usdt	40.1736	1.0	spot	tru	2022-08-15 03:14:35.795000064	2022	3
12794163	20583036	1660533308263.0	20371245	0.0881	438.0	binc	tru-usdt	38.5878	1.0	spot	tru	2022-08-15 03:15:08.263000064	2022	3
12794164	20583037	1660533462410.0	20371246	0.088	890.0	binc	tru-usdt	78.32	0.0	spot	tru	2022-08-15 03:17:42.409999872	2022	3
12794165	20583038	1660533462906.0	20371247	0.088	2175.0	binc	tru-usdt	191.4	0.0	spot	tru	2022-08-15 03:17:42.905999872	2022	3
12794166	20583039	1660533466877.0	20371248	0.088	335.0	binc	tru-usdt	29.48	0.0	spot	tru	2022-08-15 03:17:46.876999936	2022	3
12794167	20583040	1660533471880.0	20371249	0.088	2642.0	binc	tru-usdt	232.496	0.0	spot	tru	2022-08-15 03:17:51.880000000	2022	3
12794169	20583042	1660533487206.0	20371250	0.0879	2389.0	binc	tru-usdt	209.99310000000003	0.0	spot	tru	2022-08-15 03:18:07.206000128	2022	3
12794170	20583043	1660533501119.0	20371251	0.088	171.0	binc	tru-usdt	15.047999999999998	1.0	spot	tru	2022-08-15 03:18:21.119000064	2022	3
12794171	20583044	1660533552806.0	20371252	0.0879	1000.0	binc	tru-usdt	87.9	0.0	spot	tru	2022-08-15 03:19:12.806000128	2022	3
12794172	20583045	1660533555629.0	20371253	0.0878	974.0	binc	tru-usdt	85.5172	0.0	spot	tru	2022-08-15 03:19:15.628999936	2022	3
12794173	20583046	1660533555629.0	20371254	0.0878	2164.0	binc	tru-usdt	189.9992	0.0	spot	tru	2022-08-15 03:19:15.628999936	2022	3
12794174	20583047	1660533555629.0	20371255	0.0878	7.0	binc	tru-usdt	0.6146	0.0	spot	tru	2022-08-15 03:19:15.628999936	2022	3
12794175	20583048	1660533555633.0	20371256	0.0878	4056.0	binc	tru-usdt	356.1168	0.0	spot	tru	2022-08-15 03:19:15.632999936	2022	3
12794176	20583049	1660533555633.0	20371257	0.0878	406.0	binc	tru-usdt	35.6468	0.0	spot	tru	2022-08-15 03:19:15.632999936	2022	3
12794177	20583050	1660533555637.0	20371258	0.0878	1784.0	binc	tru-usdt	156.6352	0.0	spot	tru	2022-08-15 03:19:15.636999936	2022	3
12794178	20583051	1660533555639.0	20371259	0.0878	764.0	binc	tru-usdt	67.0792	0.0	spot	tru	2022-08-15 03:19:15.639000064	2022	3
12794180	20583053	1660533555665.0	20371260	0.0878	974.0	binc	tru-usdt	85.5172	0.0	spot	tru	2022-08-15 03:19:15.664999936	2022	3
12794181	20583054	1660533556915.0	20371261	0.0878	979.0	binc	tru-usdt	85.95620000000001	0.0	spot	tru	2022-08-15 03:19:16.915000064	2022	3
12794182	20583055	1660533556921.0	20371262	0.0878	979.0	binc	tru-usdt	85.95620000000001	0.0	spot	tru	2022-08-15 03:19:16.920999936	2022	3
12794183	20583056	1660533556923.0	20371263	0.0878	3393.0	binc	tru-usdt	297.9054	0.0	spot	tru	2022-08-15 03:19:16.923000064	2022	3
12794184	20583057	1660533572013.0	20371264	0.0878	979.0	binc	tru-usdt	85.95620000000001	1.0	spot	tru	2022-08-15 03:19:32.012999936	2022	3
12794185	20583058	1660533613524.0	20371265	0.0878	2700.0	binc	tru-usdt	237.06	0.0	spot	tru	2022-08-15 03:20:13.524000000	2022	3
12794186	20583059	1660533613524.0	20371266	0.0878	11429.0	binc	tru-usdt	1003.4662	0.0	spot	tru	2022-08-15 03:20:13.524000000	2022	3
12794187	20583060	1660533613524.0	20371267	0.0878	974.0	binc	tru-usdt	85.5172	0.0	spot	tru	2022-08-15 03:20:13.524000000	2022	3
12794188	20583061	1660533613524.0	20371268	0.0878	1000.0	binc	tru-usdt	87.8	0.0	spot	tru	2022-08-15 03:20:13.524000000	2022	3
12794189	20583062	1660533613524.0	20371269	0.0877	116.0	binc	tru-usdt	10.1732	0.0	spot	tru	2022-08-15 03:20:13.524000000	2022	3
12794191	20583064	1660533613524.0	20371270	0.0877	2700.0	binc	tru-usdt	236.79	0.0	spot	tru	2022-08-15 03:20:13.524000000	2022	3
12794192	20583065	1660533613524.0	20371271	0.0877	738.0	binc	tru-usdt	64.7226	0.0	spot	tru	2022-08-15 03:20:13.524000000	2022	3
12794193	20583066	1660533687273.0	20371272	0.0877	236.0	binc	tru-usdt	20.6972	0.0	spot	tru	2022-08-15 03:21:27.272999936	2022	3
12794194	20583067	1660533687273.0	20371273	0.0877	2700.0	binc	tru-usdt	236.79	0.0	spot	tru	2022-08-15 03:21:27.272999936	2022	3
12794195	20583068	1660533687273.0	20371274	0.0877	2054.0	binc	tru-usdt	180.1358	0.0	spot	tru	2022-08-15 03:21:27.272999936	2022	3
12794196	20583069	1660533687273.0	20371275	0.0877	6241.0	binc	tru-usdt	547.3357	0.0	spot	tru	2022-08-15 03:21:27.272999936	2022	3
12794197	20583070	1660533687281.0	20371276	0.0877	4195.0	binc	tru-usdt	367.9015	0.0	spot	tru	2022-08-15 03:21:27.280999936	2022	3
12794198	20583071	1660533687285.0	20371277	0.0877	993.0	binc	tru-usdt	87.0861	0.0	spot	tru	2022-08-15 03:21:27.284999936	2022	3
12794199	20583072	1660533717112.0	20371278	0.0876	974.0	binc	tru-usdt	85.3224	0.0	spot	tru	2022-08-15 03:21:57.112000000	2022	3
12794200	20583073	1660533717130.0	20371279	0.0876	974.0	binc	tru-usdt	85.3224	0.0	spot	tru	2022-08-15 03:21:57.129999872	2022	3
12794202	20583075	1660533717145.0	20371280	0.0876	974.0	binc	tru-usdt	85.3224	0.0	spot	tru	2022-08-15 03:21:57.144999936	2022	3
12794203	20583076	1660533726301.0	20371281	0.0876	118.0	binc	tru-usdt	10.3368	0.0	spot	tru	2022-08-15 03:22:06.300999936	2022	3
12794204	20583077	1660533726382.0	20371282	0.0876	2759.0	binc	tru-usdt	241.6884	0.0	spot	tru	2022-08-15 03:22:06.382000128	2022	3
12794205	20583078	1660533726393.0	20371283	0.0876	1707.0	binc	tru-usdt	149.5332	0.0	spot	tru	2022-08-15 03:22:06.392999936	2022	3
12794206	20583079	1660533726394.0	20371284	0.0876	6845.0	binc	tru-usdt	599.622	0.0	spot	tru	2022-08-15 03:22:06.393999872	2022	3
12794207	20583080	1660533727226.0	20371285	0.0876	115.0	binc	tru-usdt	10.074	0.0	spot	tru	2022-08-15 03:22:07.225999872	2022	3
12794208	20583081	1660533727259.0	20371286	0.0876	3272.0	binc	tru-usdt	286.6272	0.0	spot	tru	2022-08-15 03:22:07.259000064	2022	3
12794209	20583082	1660533727280.0	20371287	0.0876	8042.0	binc	tru-usdt	704.4792	0.0	spot	tru	2022-08-15 03:22:07.280000000	2022	3
12794210	20583083	1660533736273.0	20371288	0.0876	115.0	binc	tru-usdt	10.074	0.0	spot	tru	2022-08-15 03:22:16.272999936	2022	3
12794211	20583084	1660533806363.0	20371289	0.0876	506.0	binc	tru-usdt	44.3256	0.0	spot	tru	2022-08-15 03:23:26.363000064	2022	3
12794213	20583086	1660533806363.0	20371290	0.0876	3325.0	binc	tru-usdt	291.27	0.0	spot	tru	2022-08-15 03:23:26.363000064	2022	3
12794214	20583087	1660533806732.0	20371291	0.0876	5674.0	binc	tru-usdt	497.0424	0.0	spot	tru	2022-08-15 03:23:26.732000000	2022	3
12794215	20583088	1660533840517.0	20371292	0.0875	355.0	binc	tru-usdt	31.0625	0.0	spot	tru	2022-08-15 03:24:00.516999936	2022	3
12794216	20583089	1660533940474.0	20371293	0.0877	2700.0	binc	tru-usdt	236.79	1.0	spot	tru	2022-08-15 03:25:40.473999872	2022	3
12794217	20583090	1660533940474.0	20371294	0.0877	2151.0	binc	tru-usdt	188.6427	1.0	spot	tru	2022-08-15 03:25:40.473999872	2022	3
12794218	20583091	1660533940474.0	20371295	0.0878	2700.0	binc	tru-usdt	237.06	1.0	spot	tru	2022-08-15 03:25:40.473999872	2022	3
12794219	20583092	1660533940474.0	20371296	0.0878	974.0	binc	tru-usdt	85.5172	1.0	spot	tru	2022-08-15 03:25:40.473999872	2022	3
