	uid	time	trade_id	price	amount	exchange	instrmnt	vol_dllr	sell2	Class	Asset	datetime	year	hour
23035938	30824811	1660521691460.0	4819193	6.421	37.5	binc	fxs-usdt	240.7875	1.0	spot	fxs	2022-08-15 00:01:31.460000000	2022	0
23035939	30824812	1660521691460.0	4819194	6.421	23.2	binc	fxs-usdt	148.9672	1.0	spot	fxs	2022-08-15 00:01:31.460000000	2022	0
23035940	30824813	1660521691518.0	4819195	6.422	15.4	binc	fxs-usdt	98.8988	1.0	spot	fxs	2022-08-15 00:01:31.518000128	2022	0
23035941	30824814	1660521691518.0	4819196	6.422	5.6	binc	fxs-usdt	35.96319999999999	1.0	spot	fxs	2022-08-15 00:01:31.518000128	2022	0
23035942	30824815	1660521807393.0	4819197	6.421	37.5	binc	fxs-usdt	240.7875	1.0	spot	fxs	2022-08-15 00:03:27.392999936	2022	0
23035943	30824816	1660521807393.0	4819198	6.421	27.2	binc	fxs-usdt	174.6512	1.0	spot	fxs	2022-08-15 00:03:27.392999936	2022	0
23035944	30824817	1660521807393.0	4819199	6.421	64.1	binc	fxs-usdt	411.5861	1.0	spot	fxs	2022-08-15 00:03:27.392999936	2022	0
23035946	30824819	1660521807393.0	4819200	6.421	13.3	binc	fxs-usdt	85.39930000000001	1.0	spot	fxs	2022-08-15 00:03:27.392999936	2022	0
23035947	30824820	1660521807393.0	4819201	6.422	20.9	binc	fxs-usdt	134.2198	1.0	spot	fxs	2022-08-15 00:03:27.392999936	2022	0
23035948	30824821	1660521807393.0	4819202	6.424	37.0	binc	fxs-usdt	237.688	1.0	spot	fxs	2022-08-15 00:03:27.392999936	2022	0
23035949	30824822	1660521905752.0	4819203	6.426	2.0	binc	fxs-usdt	12.852	1.0	spot	fxs	2022-08-15 00:05:05.752000000	2022	0
23035950	30824823	1660521930352.0	4819204	6.422	15.0	binc	fxs-usdt	96.33	0.0	spot	fxs	2022-08-15 00:05:30.352000000	2022	0
23035951	30824824	1660522305605.0	4819205	6.419	1.9	binc	fxs-usdt	12.1961	0.0	spot	fxs	2022-08-15 00:11:45.604999936	2022	0
23035952	30824825	1660522357874.0	4819206	6.418	37.5	binc	fxs-usdt	240.675	1.0	spot	fxs	2022-08-15 00:12:37.873999872	2022	0
23035953	30824826	1660522364376.0	4819207	6.418	37.5	binc	fxs-usdt	240.675	1.0	spot	fxs	2022-08-15 00:12:44.376000000	2022	0
23035954	30824827	1660522364376.0	4819208	6.418	48.8	binc	fxs-usdt	313.1984	1.0	spot	fxs	2022-08-15 00:12:44.376000000	2022	0
23035955	30824828	1660522364376.0	4819209	6.418	13.1	binc	fxs-usdt	84.0758	1.0	spot	fxs	2022-08-15 00:12:44.376000000	2022	0
23035956	30824829	1660522364376.0	4819210	6.419	50.6	binc	fxs-usdt	324.8014	1.0	spot	fxs	2022-08-15 00:12:44.376000000	2022	0
23035957	30824830	1660522384061.0	4819211	6.416	37.5	binc	fxs-usdt	240.6	0.0	spot	fxs	2022-08-15 00:13:04.060999936	2022	0
23035958	30824831	1660522384061.0	4819212	6.414	60.8	binc	fxs-usdt	389.9712	0.0	spot	fxs	2022-08-15 00:13:04.060999936	2022	0
23035959	30824832	1660522557916.0	4819213	6.415	2.5	binc	fxs-usdt	16.0375	0.0	spot	fxs	2022-08-15 00:15:57.916000000	2022	0
23035960	30824833	1660522635406.0	4819214	6.415	12.4	binc	fxs-usdt	79.546	0.0	spot	fxs	2022-08-15 00:17:15.406000128	2022	0
23035961	30824834	1660522688525.0	4819215	6.421	3.3	binc	fxs-usdt	21.1893	1.0	spot	fxs	2022-08-15 00:18:08.524999936	2022	0
23035962	30824835	1660522706648.0	4819216	6.427	37.5	binc	fxs-usdt	241.0125	1.0	spot	fxs	2022-08-15 00:18:26.648000000	2022	0
23035963	30824836	1660522706648.0	4819217	6.428	20.8	binc	fxs-usdt	133.7024	1.0	spot	fxs	2022-08-15 00:18:26.648000000	2022	0
23035964	30824837	1660522706648.0	4819218	6.429	15.1	binc	fxs-usdt	97.0779	1.0	spot	fxs	2022-08-15 00:18:26.648000000	2022	0
23035965	30824838	1660522711546.0	4819219	6.428	20.8	binc	fxs-usdt	133.7024	1.0	spot	fxs	2022-08-15 00:18:31.545999872	2022	0
23035966	30824839	1660522711546.0	4819220	6.429	3.8	binc	fxs-usdt	24.4302	1.0	spot	fxs	2022-08-15 00:18:31.545999872	2022	0
23035967	30824840	1660522772739.0	4819221	6.423	36.7	binc	fxs-usdt	235.7241	0.0	spot	fxs	2022-08-15 00:19:32.739000064	2022	0
23035968	30824841	1660522775160.0	4819222	6.425	13.0	binc	fxs-usdt	83.52499999999999	0.0	spot	fxs	2022-08-15 00:19:35.160000000	2022	0
23035969	30824842	1660522794202.0	4819223	6.427	7.7	binc	fxs-usdt	49.4879	1.0	spot	fxs	2022-08-15 00:19:54.201999872	2022	0
23035970	30824843	1660522812397.0	4819224	6.424	7.4	binc	fxs-usdt	47.537600000000005	0.0	spot	fxs	2022-08-15 00:20:12.396999936	2022	0
23035971	30824844	1660522898807.0	4819225	6.433	5.0	binc	fxs-usdt	32.165	1.0	spot	fxs	2022-08-15 00:21:38.807000064	2022	0
23035972	30824845	1660523138556.0	4819226	6.428	37.5	binc	fxs-usdt	241.05	1.0	spot	fxs	2022-08-15 00:25:38.556000000	2022	0
23035973	30824846	1660523138556.0	4819227	6.429	9.1	binc	fxs-usdt	58.5039	1.0	spot	fxs	2022-08-15 00:25:38.556000000	2022	0
23035974	30824847	1660523463689.0	4819228	6.428	37.5	binc	fxs-usdt	241.05	1.0	spot	fxs	2022-08-15 00:31:03.688999936	2022	0
23035975	30824848	1660523463689.0	4819229	6.429	11.7	binc	fxs-usdt	75.2193	1.0	spot	fxs	2022-08-15 00:31:03.688999936	2022	0
23035976	30824849	1660523463689.0	4819230	6.429	15.5	binc	fxs-usdt	99.6495	1.0	spot	fxs	2022-08-15 00:31:03.688999936	2022	0
23035977	30824850	1660523463985.0	4819231	6.429	23.3	binc	fxs-usdt	149.7957	0.0	spot	fxs	2022-08-15 00:31:03.984999936	2022	0
23035978	30824851	1660523465517.0	4819232	6.429	20.2	binc	fxs-usdt	129.8658	0.0	spot	fxs	2022-08-15 00:31:05.516999936	2022	0
23035979	30824852	1660523467037.0	4819233	6.429	1.8	binc	fxs-usdt	11.5722	0.0	spot	fxs	2022-08-15 00:31:07.036999936	2022	0
23035980	30824853	1660523468572.0	4819234	6.426	15.5	binc	fxs-usdt	99.603	0.0	spot	fxs	2022-08-15 00:31:08.572000000	2022	0
23035981	30824854	1660523470080.0	4819235	6.425	21.3	binc	fxs-usdt	136.8525	0.0	spot	fxs	2022-08-15 00:31:10.080000000	2022	0
23035982	30824855	1660523471595.0	4819236	6.425	16.2	binc	fxs-usdt	104.085	0.0	spot	fxs	2022-08-15 00:31:11.595000064	2022	0
23035983	30824856	1660523473100.0	4819237	6.422	19.8	binc	fxs-usdt	127.1556	0.0	spot	fxs	2022-08-15 00:31:13.100000000	2022	0
23035984	30824857	1660523474628.0	4819238	6.422	17.7	binc	fxs-usdt	113.6694	0.0	spot	fxs	2022-08-15 00:31:14.628000000	2022	0
23035985	30824858	1660523476148.0	4819239	6.422	22.8	binc	fxs-usdt	146.42159999999998	0.0	spot	fxs	2022-08-15 00:31:16.148000000	2022	0
23035986	30824859	1660523477669.0	4819240	6.422	14.7	binc	fxs-usdt	94.4034	0.0	spot	fxs	2022-08-15 00:31:17.668999936	2022	0
23035987	30824860	1660523480686.0	4819241	6.422	22.2	binc	fxs-usdt	142.5684	0.0	spot	fxs	2022-08-15 00:31:20.686000128	2022	0
23035988	30824861	1660523482226.0	4819242	6.422	15.3	binc	fxs-usdt	98.2566	0.0	spot	fxs	2022-08-15 00:31:22.225999872	2022	0
23035989	30824862	1660523604262.0	4819243	6.428	150.0	binc	fxs-usdt	964.2	1.0	spot	fxs	2022-08-15 00:33:24.262000128	2022	0
23035990	30824863	1660523604262.0	4819244	6.428	15.5	binc	fxs-usdt	99.634	1.0	spot	fxs	2022-08-15 00:33:24.262000128	2022	0
23035991	30824864	1660523604414.0	4819245	6.43	23.0	binc	fxs-usdt	147.89	0.0	spot	fxs	2022-08-15 00:33:24.414000128	2022	0
23035992	30824865	1660523605930.0	4819246	6.43	14.5	binc	fxs-usdt	93.235	0.0	spot	fxs	2022-08-15 00:33:25.929999872	2022	0
23035993	30824866	1660523607485.0	4819247	6.43	17.0	binc	fxs-usdt	109.31	0.0	spot	fxs	2022-08-15 00:33:27.484999936	2022	0
23035994	30824867	1660523618229.0	4819248	6.432	2.2	binc	fxs-usdt	14.1504	0.0	spot	fxs	2022-08-15 00:33:38.228999936	2022	0
23035995	30824868	1660523621085.0	4819249	6.435	37.5	binc	fxs-usdt	241.3125	1.0	spot	fxs	2022-08-15 00:33:41.084999936	2022	0
23035996	30824869	1660523621085.0	4819250	6.435	148.7	binc	fxs-usdt	956.8845	1.0	spot	fxs	2022-08-15 00:33:41.084999936	2022	0
23035997	30824870	1660523621385.0	4819251	6.434	2.3	binc	fxs-usdt	14.7982	1.0	spot	fxs	2022-08-15 00:33:41.384999936	2022	0
23035998	30824871	1660523689158.0	4819252	6.434	2.6	binc	fxs-usdt	16.7284	0.0	spot	fxs	2022-08-15 00:34:49.158000128	2022	0
23035999	30824872	1660523750867.0	4819253	6.435	1.3	binc	fxs-usdt	8.365499999999999	1.0	spot	fxs	2022-08-15 00:35:50.867000064	2022	0
23036000	30824873	1660523750867.0	4819254	6.442	15.5	binc	fxs-usdt	99.851	1.0	spot	fxs	2022-08-15 00:35:50.867000064	2022	0
23036001	30824874	1660523750867.0	4819255	6.443	5.1	binc	fxs-usdt	32.8593	1.0	spot	fxs	2022-08-15 00:35:50.867000064	2022	0
23036002	30824875	1660523750867.0	4819256	6.45	117.5	binc	fxs-usdt	757.875	1.0	spot	fxs	2022-08-15 00:35:50.867000064	2022	0
23036003	30824876	1660523750934.0	4819257	6.439	18.7	binc	fxs-usdt	120.4093	0.0	spot	fxs	2022-08-15 00:35:50.934000128	2022	0
23036004	30824877	1660523750934.0	4819258	6.438	0.7	binc	fxs-usdt	4.5066	0.0	spot	fxs	2022-08-15 00:35:50.934000128	2022	0
23036005	30824878	1660523752447.0	4819259	6.444	13.8	binc	fxs-usdt	88.9272	0.0	spot	fxs	2022-08-15 00:35:52.447000064	2022	0
23036006	30824879	1660523779960.0	4819260	6.445	37.5	binc	fxs-usdt	241.6875	1.0	spot	fxs	2022-08-15 00:36:19.960000000	2022	0
23036007	30824880	1660523780067.0	4819261	6.444	17.5	binc	fxs-usdt	112.77	1.0	spot	fxs	2022-08-15 00:36:20.067000064	2022	0
23036008	30824881	1660523839788.0	4819262	6.444	1.6	binc	fxs-usdt	10.3104	1.0	spot	fxs	2022-08-15 00:37:19.788000000	2022	0
23036009	30824882	1660523865918.0	4819263	6.444	100.9	binc	fxs-usdt	650.1996	1.0	spot	fxs	2022-08-15 00:37:45.918000128	2022	0
23036010	30824883	1660523947830.0	4819264	6.442	37.5	binc	fxs-usdt	241.575	0.0	spot	fxs	2022-08-15 00:39:07.830000128	2022	0
23036011	30824884	1660523947830.0	4819265	6.442	6.2	binc	fxs-usdt	39.9404	0.0	spot	fxs	2022-08-15 00:39:07.830000128	2022	0
23036012	30824885	1660523947830.0	4819266	6.442	110.2	binc	fxs-usdt	709.9084	0.0	spot	fxs	2022-08-15 00:39:07.830000128	2022	0
23036013	30824886	1660523947926.0	4819267	6.442	5.8	binc	fxs-usdt	37.3636	0.0	spot	fxs	2022-08-15 00:39:07.926000128	2022	0
23036014	30824887	1660523947926.0	4819268	6.442	46.9	binc	fxs-usdt	302.1298	0.0	spot	fxs	2022-08-15 00:39:07.926000128	2022	0
23036015	30824888	1660523947926.0	4819269	6.442	149.9	binc	fxs-usdt	965.6558	0.0	spot	fxs	2022-08-15 00:39:07.926000128	2022	0
23036016	30824889	1660523947926.0	4819270	6.442	0.1	binc	fxs-usdt	0.6442000000000001	0.0	spot	fxs	2022-08-15 00:39:07.926000128	2022	0
23036017	30824890	1660523947946.0	4819271	6.442	26.8	binc	fxs-usdt	172.6456	0.0	spot	fxs	2022-08-15 00:39:07.945999872	2022	0
23036018	30824891	1660523947954.0	4819272	6.442	20.0	binc	fxs-usdt	128.84	0.0	spot	fxs	2022-08-15 00:39:07.953999872	2022	0
23036019	30824892	1660523947954.0	4819273	6.442	50.0	binc	fxs-usdt	322.1	0.0	spot	fxs	2022-08-15 00:39:07.953999872	2022	0
23036020	30824893	1660523948438.0	4819274	6.438	15.5	binc	fxs-usdt	99.789	0.0	spot	fxs	2022-08-15 00:39:08.438000128	2022	0
23036021	30824894	1660523948446.0	4819275	6.438	14.8	binc	fxs-usdt	95.2824	0.0	spot	fxs	2022-08-15 00:39:08.446000128	2022	0
23036022	30824895	1660523948446.0	4819276	6.437	15.4	binc	fxs-usdt	99.1298	0.0	spot	fxs	2022-08-15 00:39:08.446000128	2022	0
23036023	30824896	1660523948446.0	4819277	6.435	15.5	binc	fxs-usdt	99.7425	0.0	spot	fxs	2022-08-15 00:39:08.446000128	2022	0
23036024	30824897	1660523948446.0	4819278	6.435	92.4	binc	fxs-usdt	594.594	0.0	spot	fxs	2022-08-15 00:39:08.446000128	2022	0
23036025	30824898	1660524137641.0	4819279	6.443	2.3	binc	fxs-usdt	14.818899999999998	1.0	spot	fxs	2022-08-15 00:42:17.640999936	2022	0
23036026	30824899	1660524315900.0	4819280	6.439	3.4	binc	fxs-usdt	21.8926	1.0	spot	fxs	2022-08-15 00:45:15.900000000	2022	0
23036027	30824900	1660524499298.0	4819281	6.443	37.5	binc	fxs-usdt	241.6125	1.0	spot	fxs	2022-08-15 00:48:19.297999872	2022	0
23036028	30824901	1660524805049.0	4819282	6.443	37.5	binc	fxs-usdt	241.6125	1.0	spot	fxs	2022-08-15 00:53:25.048999936	2022	0
23036029	30824902	1660524805208.0	4819283	6.443	13.8	binc	fxs-usdt	88.9134	0.0	spot	fxs	2022-08-15 00:53:25.208000000	2022	0
23036030	30824903	1660524805215.0	4819284	6.443	16.0	binc	fxs-usdt	103.088	0.0	spot	fxs	2022-08-15 00:53:25.215000064	2022	0
23036031	30824904	1660524805308.0	4819285	6.443	9.4	binc	fxs-usdt	60.5642	0.0	spot	fxs	2022-08-15 00:53:25.308000000	2022	0
23036032	30824905	1660524843463.0	4819286	6.442	29.0	binc	fxs-usdt	186.818	1.0	spot	fxs	2022-08-15 00:54:03.463000064	2022	0
23036033	30824906	1660524843465.0	4819287	6.442	8.5	binc	fxs-usdt	54.757000000000005	1.0	spot	fxs	2022-08-15 00:54:03.464999936	2022	0
23036034	30824907	1660524959299.0	4819288	6.442	37.5	binc	fxs-usdt	241.575	0.0	spot	fxs	2022-08-15 00:55:59.299000064	2022	0
23036035	30824908	1660524959299.0	4819289	6.441	4.5	binc	fxs-usdt	28.9845	0.0	spot	fxs	2022-08-15 00:55:59.299000064	2022	0
23036036	30824909	1660525081964.0	4819290	6.444	14.5	binc	fxs-usdt	93.438	1.0	spot	fxs	2022-08-15 00:58:01.964000000	2022	0
23036037	30824910	1660525081973.0	4819291	6.444	18.5	binc	fxs-usdt	119.214	1.0	spot	fxs	2022-08-15 00:58:01.972999936	2022	0
23036038	30824911	1660525082314.0	4819292	6.444	14.5	binc	fxs-usdt	93.438	1.0	spot	fxs	2022-08-15 00:58:02.313999872	2022	0
23036039	30824912	1660525082616.0	4819293	6.446	4.5	binc	fxs-usdt	29.007	1.0	spot	fxs	2022-08-15 00:58:02.616000000	2022	0
23036040	30824913	1660525137106.0	4819294	6.454	15.4	binc	fxs-usdt	99.3916	1.0	spot	fxs	2022-08-15 00:58:57.105999872	2022	0
23036041	30824914	1660525330337.0	4819295	6.452	7.7	binc	fxs-usdt	49.6804	1.0	spot	fxs	2022-08-15 01:02:10.336999936	2022	1
23036042	30824915	1660525402343.0	4819296	6.45	1.9	binc	fxs-usdt	12.255	1.0	spot	fxs	2022-08-15 01:03:22.343000064	2022	1
23036043	30824916	1660525497814.0	4819297	6.443	1.9	binc	fxs-usdt	12.241699999999998	0.0	spot	fxs	2022-08-15 01:04:57.814000128	2022	1
23036044	30824917	1660525715577.0	4819298	6.448	37.5	binc	fxs-usdt	241.8	1.0	spot	fxs	2022-08-15 01:08:35.576999936	2022	1
23036045	30824918	1660525715577.0	4819299	6.448	11.3	binc	fxs-usdt	72.86240000000001	1.0	spot	fxs	2022-08-15 01:08:35.576999936	2022	1
23036047	30824920	1660525715577.0	4819300	6.448	1.9	binc	fxs-usdt	12.2512	1.0	spot	fxs	2022-08-15 01:08:35.576999936	2022	1
23036048	30824921	1660525717577.0	4819301	6.448	14.7	binc	fxs-usdt	94.7856	1.0	spot	fxs	2022-08-15 01:08:37.576999936	2022	1
23036049	30824922	1660525717577.0	4819302	6.448	36.0	binc	fxs-usdt	232.128	1.0	spot	fxs	2022-08-15 01:08:37.576999936	2022	1
23036050	30824923	1660525718576.0	4819303	6.448	35.2	binc	fxs-usdt	226.96960000000004	1.0	spot	fxs	2022-08-15 01:08:38.576000000	2022	1
23036051	30824924	1660525718576.0	4819304	6.448	15.5	binc	fxs-usdt	99.944	1.0	spot	fxs	2022-08-15 01:08:38.576000000	2022	1
23036052	30824925	1660525747741.0	4819305	6.445	15.5	binc	fxs-usdt	99.8975	0.0	spot	fxs	2022-08-15 01:09:07.740999936	2022	1
23036053	30824926	1660525860727.0	4819306	6.447	1.6	binc	fxs-usdt	10.3152	1.0	spot	fxs	2022-08-15 01:11:00.727000064	2022	1
23036054	30824927	1660525958024.0	4819307	6.443	37.5	binc	fxs-usdt	241.6125	0.0	spot	fxs	2022-08-15 01:12:38.024000000	2022	1
23036055	30824928	1660525958024.0	4819308	6.442	2.5	binc	fxs-usdt	16.105	0.0	spot	fxs	2022-08-15 01:12:38.024000000	2022	1
23036056	30824929	1660525997249.0	4819309	6.442	76.5	binc	fxs-usdt	492.813	0.0	spot	fxs	2022-08-15 01:13:17.248999936	2022	1
23036057	30824930	1660526000311.0	4819310	6.439	29.5	binc	fxs-usdt	189.9505	0.0	spot	fxs	2022-08-15 01:13:20.311000064	2022	1
23036058	30824931	1660526000709.0	4819311	6.437	37.5	binc	fxs-usdt	241.3875	1.0	spot	fxs	2022-08-15 01:13:20.708999936	2022	1
23036059	30824932	1660526000709.0	4819312	6.437	18.4	binc	fxs-usdt	118.4408	1.0	spot	fxs	2022-08-15 01:13:20.708999936	2022	1
23036060	30824933	1660526000709.0	4819313	6.438	47.9	binc	fxs-usdt	308.3802	1.0	spot	fxs	2022-08-15 01:13:20.708999936	2022	1
23036061	30824934	1660526057516.0	4819314	6.433	2.8	binc	fxs-usdt	18.0124	1.0	spot	fxs	2022-08-15 01:14:17.516000000	2022	1
23036062	30824935	1660526057516.0	4819315	6.435	7.2	binc	fxs-usdt	46.332	1.0	spot	fxs	2022-08-15 01:14:17.516000000	2022	1
23036063	30824936	1660526082847.0	4819316	6.435	37.5	binc	fxs-usdt	241.3125	0.0	spot	fxs	2022-08-15 01:14:42.847000064	2022	1
23036064	30824937	1660526082847.0	4819317	6.434	18.4	binc	fxs-usdt	118.3856	0.0	spot	fxs	2022-08-15 01:14:42.847000064	2022	1
23036065	30824938	1660526082847.0	4819318	6.433	20.1	binc	fxs-usdt	129.3033	0.0	spot	fxs	2022-08-15 01:14:42.847000064	2022	1
23036066	30824939	1660526101113.0	4819319	6.436	37.5	binc	fxs-usdt	241.35	1.0	spot	fxs	2022-08-15 01:15:01.112999936	2022	1
23036067	30824940	1660526101113.0	4819320	6.436	12.5	binc	fxs-usdt	80.45	1.0	spot	fxs	2022-08-15 01:15:01.112999936	2022	1
23036068	30824941	1660526101526.0	4819321	6.436	3.0	binc	fxs-usdt	19.308	1.0	spot	fxs	2022-08-15 01:15:01.526000128	2022	1
23036069	30824942	1660526101526.0	4819322	6.436	7.9	binc	fxs-usdt	50.8444	1.0	spot	fxs	2022-08-15 01:15:01.526000128	2022	1
23036070	30824943	1660526101526.0	4819323	6.436	18.4	binc	fxs-usdt	118.4224	1.0	spot	fxs	2022-08-15 01:15:01.526000128	2022	1
23036071	30824944	1660526101526.0	4819324	6.436	20.7	binc	fxs-usdt	133.2252	1.0	spot	fxs	2022-08-15 01:15:01.526000128	2022	1
23036072	30824945	1660526101979.0	4819325	6.436	15.5	binc	fxs-usdt	99.758	1.0	spot	fxs	2022-08-15 01:15:01.979000064	2022	1
23036073	30824946	1660526101979.0	4819326	6.436	14.5	binc	fxs-usdt	93.322	1.0	spot	fxs	2022-08-15 01:15:01.979000064	2022	1
23036074	30824947	1660526102369.0	4819327	6.436	30.0	binc	fxs-usdt	193.08	1.0	spot	fxs	2022-08-15 01:15:02.368999936	2022	1
23036075	30824948	1660526364398.0	4819328	6.439	15.5	binc	fxs-usdt	99.8045	0.0	spot	fxs	2022-08-15 01:19:24.398000128	2022	1
23036076	30824949	1660526400332.0	4819329	6.441	37.5	binc	fxs-usdt	241.5375	0.0	spot	fxs	2022-08-15 01:20:00.332000000	2022	1
23036077	30824950	1660526471280.0	4819330	6.438	37.5	binc	fxs-usdt	241.425	0.0	spot	fxs	2022-08-15 01:21:11.280000000	2022	1
23036078	30824951	1660526471333.0	4819331	6.438	37.5	binc	fxs-usdt	241.425	0.0	spot	fxs	2022-08-15 01:21:11.332999936	2022	1
23036079	30824952	1660526471340.0	4819332	6.438	25.8	binc	fxs-usdt	166.1004	0.0	spot	fxs	2022-08-15 01:21:11.340000000	2022	1
23036080	30824953	1660526471346.0	4819333	6.438	1.5	binc	fxs-usdt	9.657	0.0	spot	fxs	2022-08-15 01:21:11.345999872	2022	1
23036081	30824954	1660526907035.0	4819334	6.436	9.9	binc	fxs-usdt	63.7164	0.0	spot	fxs	2022-08-15 01:28:27.035000064	2022	1
23036082	30824955	1660526907035.0	4819335	6.436	8.5	binc	fxs-usdt	54.706	0.0	spot	fxs	2022-08-15 01:28:27.035000064	2022	1
23036083	30824956	1660526907035.0	4819336	6.435	9.3	binc	fxs-usdt	59.8455	0.0	spot	fxs	2022-08-15 01:28:27.035000064	2022	1
23036084	30824957	1660527047141.0	4819337	6.44	6.9	binc	fxs-usdt	44.43600000000001	0.0	spot	fxs	2022-08-15 01:30:47.140999936	2022	1
23036085	30824958	1660527047171.0	4819338	6.44	30.6	binc	fxs-usdt	197.064	0.0	spot	fxs	2022-08-15 01:30:47.171000064	2022	1
23036086	30824959	1660527047171.0	4819339	6.439	6.9	binc	fxs-usdt	44.429100000000005	0.0	spot	fxs	2022-08-15 01:30:47.171000064	2022	1
23036087	30824960	1660527145720.0	4819340	6.446	6.4	binc	fxs-usdt	41.2544	0.0	spot	fxs	2022-08-15 01:32:25.720000000	2022	1
23036088	30824961	1660527153368.0	4819341	6.441	37.5	binc	fxs-usdt	241.5375	0.0	spot	fxs	2022-08-15 01:32:33.368000000	2022	1
23036089	30824962	1660527158622.0	4819342	6.444	14.9	binc	fxs-usdt	96.0156	1.0	spot	fxs	2022-08-15 01:32:38.622000128	2022	1
23036090	30824963	1660527175496.0	4819343	6.44	28.6	binc	fxs-usdt	184.18400000000003	0.0	spot	fxs	2022-08-15 01:32:55.496000000	2022	1
23036091	30824964	1660527175525.0	4819344	6.44	8.9	binc	fxs-usdt	57.316	0.0	spot	fxs	2022-08-15 01:32:55.524999936	2022	1
23036092	30824965	1660527175525.0	4819345	6.44	16.5	binc	fxs-usdt	106.26	0.0	spot	fxs	2022-08-15 01:32:55.524999936	2022	1
23036093	30824966	1660527177879.0	4819346	6.44	37.5	binc	fxs-usdt	241.50000000000003	0.0	spot	fxs	2022-08-15 01:32:57.879000064	2022	1
23036094	30824967	1660527409264.0	4819347	6.442	37.5	binc	fxs-usdt	241.575	0.0	spot	fxs	2022-08-15 01:36:49.264000000	2022	1
23036095	30824968	1660527409264.0	4819348	6.442	13.9	binc	fxs-usdt	89.5438	0.0	spot	fxs	2022-08-15 01:36:49.264000000	2022	1
23036096	30824969	1660527409264.0	4819349	6.441	16.5	binc	fxs-usdt	106.2765	0.0	spot	fxs	2022-08-15 01:36:49.264000000	2022	1
23036097	30824970	1660527409264.0	4819350	6.44	0.2	binc	fxs-usdt	1.2880000000000005	0.0	spot	fxs	2022-08-15 01:36:49.264000000	2022	1
23036098	30824971	1660527711900.0	4819351	6.446	2.6	binc	fxs-usdt	16.7596	1.0	spot	fxs	2022-08-15 01:41:51.900000000	2022	1
23036099	30824972	1660527752519.0	4819352	6.447	15.5	binc	fxs-usdt	99.9285	1.0	spot	fxs	2022-08-15 01:42:32.519000064	2022	1
23036100	30824973	1660527807191.0	4819353	6.439	3.3	binc	fxs-usdt	21.2487	0.0	spot	fxs	2022-08-15 01:43:27.191000064	2022	1
23036101	30824974	1660527807379.0	4819354	6.439	18.8	binc	fxs-usdt	121.0532	0.0	spot	fxs	2022-08-15 01:43:27.379000064	2022	1
23036102	30824975	1660527807379.0	4819355	6.439	9.0	binc	fxs-usdt	57.951	0.0	spot	fxs	2022-08-15 01:43:27.379000064	2022	1
23036103	30824976	1660527807379.0	4819356	6.439	11.0	binc	fxs-usdt	70.82900000000001	0.0	spot	fxs	2022-08-15 01:43:27.379000064	2022	1
23036104	30824977	1660527807379.0	4819357	6.439	11.0	binc	fxs-usdt	70.82900000000001	0.0	spot	fxs	2022-08-15 01:43:27.379000064	2022	1
23036105	30824978	1660527820184.0	4819358	6.434	2.8	binc	fxs-usdt	18.0152	1.0	spot	fxs	2022-08-15 01:43:40.184000000	2022	1
23036106	30824979	1660527820706.0	4819359	6.434	3.1	binc	fxs-usdt	19.9454	1.0	spot	fxs	2022-08-15 01:43:40.705999872	2022	1
23036107	30824980	1660527854587.0	4819360	6.433	29.9	binc	fxs-usdt	192.3467	0.0	spot	fxs	2022-08-15 01:44:14.587000064	2022	1
23036108	30824981	1660527854587.0	4819361	6.433	37.5	binc	fxs-usdt	241.2375	0.0	spot	fxs	2022-08-15 01:44:14.587000064	2022	1
23036109	30824982	1660527854587.0	4819362	6.433	14.9	binc	fxs-usdt	95.8517	0.0	spot	fxs	2022-08-15 01:44:14.587000064	2022	1
23036110	30824983	1660527854587.0	4819363	6.433	61.2	binc	fxs-usdt	393.6996	0.0	spot	fxs	2022-08-15 01:44:14.587000064	2022	1
23036111	30824984	1660527856665.0	4819364	6.432	37.5	binc	fxs-usdt	241.2	1.0	spot	fxs	2022-08-15 01:44:16.664999936	2022	1
23036112	30824985	1660527856665.0	4819365	6.433	40.2	binc	fxs-usdt	258.6066	1.0	spot	fxs	2022-08-15 01:44:16.664999936	2022	1
23036113	30824986	1660527860986.0	4819366	6.43	15.5	binc	fxs-usdt	99.665	0.0	spot	fxs	2022-08-15 01:44:20.985999872	2022	1
23036114	30824987	1660527860986.0	4819367	6.43	37.5	binc	fxs-usdt	241.125	0.0	spot	fxs	2022-08-15 01:44:20.985999872	2022	1
23036115	30824988	1660527860986.0	4819368	6.427	15.5	binc	fxs-usdt	99.6185	0.0	spot	fxs	2022-08-15 01:44:20.985999872	2022	1
23036116	30824989	1660527860986.0	4819369	6.426	47.9	binc	fxs-usdt	307.8054	0.0	spot	fxs	2022-08-15 01:44:20.985999872	2022	1
23036117	30824990	1660527860986.0	4819370	6.419	3.2	binc	fxs-usdt	20.5408	0.0	spot	fxs	2022-08-15 01:44:20.985999872	2022	1
23036118	30824991	1660527860986.0	4819371	6.416	162.3	binc	fxs-usdt	1041.3168	0.0	spot	fxs	2022-08-15 01:44:20.985999872	2022	1
23036119	30824992	1660527860986.0	4819372	6.415	266.5	binc	fxs-usdt	1709.5975	0.0	spot	fxs	2022-08-15 01:44:20.985999872	2022	1
23036120	30824993	1660527860986.0	4819373	6.415	48.8	binc	fxs-usdt	313.052	0.0	spot	fxs	2022-08-15 01:44:20.985999872	2022	1
23036121	30824994	1660527910638.0	4819374	6.433	12.3	binc	fxs-usdt	79.1259	1.0	spot	fxs	2022-08-15 01:45:10.638000128	2022	1
23036122	30824995	1660527913066.0	4819375	6.439	7.5	binc	fxs-usdt	48.2925	1.0	spot	fxs	2022-08-15 01:45:13.065999872	2022	1
23036123	30824996	1660528025323.0	4819376	6.437	17.4	binc	fxs-usdt	112.0038	1.0	spot	fxs	2022-08-15 01:47:05.323000064	2022	1
23036124	30824997	1660528211215.0	4819377	6.437	37.5	binc	fxs-usdt	241.3875	1.0	spot	fxs	2022-08-15 01:50:11.215000064	2022	1
23036125	30824998	1660528211215.0	4819378	6.441	15.5	binc	fxs-usdt	99.8355	1.0	spot	fxs	2022-08-15 01:50:11.215000064	2022	1
23036126	30824999	1660528211215.0	4819379	6.443	15.5	binc	fxs-usdt	99.8665	1.0	spot	fxs	2022-08-15 01:50:11.215000064	2022	1
23036127	30825000	1660528211215.0	4819380	6.443	155.2	binc	fxs-usdt	999.9535999999998	1.0	spot	fxs	2022-08-15 01:50:11.215000064	2022	1
23036128	30825001	1660528211215.0	4819381	6.446	47.9	binc	fxs-usdt	308.7634	1.0	spot	fxs	2022-08-15 01:50:11.215000064	2022	1
23036129	30825002	1660528211215.0	4819382	6.447	100.0	binc	fxs-usdt	644.7	1.0	spot	fxs	2022-08-15 01:50:11.215000064	2022	1
23036130	30825003	1660528211215.0	4819383	6.448	242.9	binc	fxs-usdt	1566.2192000000002	1.0	spot	fxs	2022-08-15 01:50:11.215000064	2022	1
23036131	30825004	1660528211215.0	4819384	6.449	162.3	binc	fxs-usdt	1046.6727	1.0	spot	fxs	2022-08-15 01:50:11.215000064	2022	1
23036132	30825005	1660528211215.0	4819385	6.449	88.9	binc	fxs-usdt	573.3161	1.0	spot	fxs	2022-08-15 01:50:11.215000064	2022	1
23036133	30825006	1660528211215.0	4819386	6.45	128.5	binc	fxs-usdt	828.825	1.0	spot	fxs	2022-08-15 01:50:11.215000064	2022	1
23036134	30825007	1660528211215.0	4819387	6.453	8.4	binc	fxs-usdt	54.205200000000005	1.0	spot	fxs	2022-08-15 01:50:11.215000064	2022	1
23036135	30825008	1660528211215.0	4819388	6.453	8.4	binc	fxs-usdt	54.205200000000005	1.0	spot	fxs	2022-08-15 01:50:11.215000064	2022	1
23036136	30825009	1660528211215.0	4819389	6.453	8.4	binc	fxs-usdt	54.205200000000005	1.0	spot	fxs	2022-08-15 01:50:11.215000064	2022	1
23036137	30825010	1660528211215.0	4819390	6.453	8.4	binc	fxs-usdt	54.205200000000005	1.0	spot	fxs	2022-08-15 01:50:11.215000064	2022	1
23036138	30825011	1660528211215.0	4819391	6.453	8.4	binc	fxs-usdt	54.205200000000005	1.0	spot	fxs	2022-08-15 01:50:11.215000064	2022	1
23036139	30825012	1660528211215.0	4819392	6.453	8.4	binc	fxs-usdt	54.205200000000005	1.0	spot	fxs	2022-08-15 01:50:11.215000064	2022	1
23036140	30825013	1660528211215.0	4819393	6.453	8.4	binc	fxs-usdt	54.205200000000005	1.0	spot	fxs	2022-08-15 01:50:11.215000064	2022	1
23036141	30825014	1660528211215.0	4819394	6.453	8.4	binc	fxs-usdt	54.205200000000005	1.0	spot	fxs	2022-08-15 01:50:11.215000064	2022	1
23036142	30825015	1660528211215.0	4819395	6.453	8.4	binc	fxs-usdt	54.205200000000005	1.0	spot	fxs	2022-08-15 01:50:11.215000064	2022	1
23036143	30825016	1660528211215.0	4819396	6.453	7.8	binc	fxs-usdt	50.333400000000005	1.0	spot	fxs	2022-08-15 01:50:11.215000064	2022	1
23036144	30825017	1660528211215.0	4819397	6.454	12.3	binc	fxs-usdt	79.3842	1.0	spot	fxs	2022-08-15 01:50:11.215000064	2022	1
23036145	30825018	1660528211215.0	4819398	6.455	74.1	binc	fxs-usdt	478.3155	1.0	spot	fxs	2022-08-15 01:50:11.215000064	2022	1
23036146	30825019	1660528211215.0	4819399	6.456	76.6	binc	fxs-usdt	494.5296	1.0	spot	fxs	2022-08-15 01:50:11.215000064	2022	1
23036148	30825021	1660528286640.0	4819400	6.45	37.5	binc	fxs-usdt	241.875	1.0	spot	fxs	2022-08-15 01:51:26.640000000	2022	1
23036149	30825022	1660528425956.0	4819401	6.451	7.7	binc	fxs-usdt	49.6727	1.0	spot	fxs	2022-08-15 01:53:45.956000000	2022	1
23036150	30825023	1660528501340.0	4819402	6.451	29.4	binc	fxs-usdt	189.6594	1.0	spot	fxs	2022-08-15 01:55:01.340000000	2022	1
23036151	30825024	1660528540995.0	4819403	6.451	76.9	binc	fxs-usdt	496.0819	1.0	spot	fxs	2022-08-15 01:55:40.995000064	2022	1
23036152	30825025	1660528595787.0	4819404	6.452	11.2	binc	fxs-usdt	72.2624	1.0	spot	fxs	2022-08-15 01:56:35.787000064	2022	1
23036153	30825026	1660528650676.0	4819405	6.444	37.5	binc	fxs-usdt	241.65	0.0	spot	fxs	2022-08-15 01:57:30.676000000	2022	1
23036154	30825027	1660528650676.0	4819406	6.443	16.2	binc	fxs-usdt	104.3766	0.0	spot	fxs	2022-08-15 01:57:30.676000000	2022	1
23036155	30825028	1660528650676.0	4819407	6.443	15.5	binc	fxs-usdt	99.8665	0.0	spot	fxs	2022-08-15 01:57:30.676000000	2022	1
23036156	30825029	1660528655644.0	4819408	6.438	37.5	binc	fxs-usdt	241.425	0.0	spot	fxs	2022-08-15 01:57:35.644000000	2022	1
23036157	30825030	1660528655644.0	4819409	6.438	15.5	binc	fxs-usdt	99.789	0.0	spot	fxs	2022-08-15 01:57:35.644000000	2022	1
23036158	30825031	1660528655644.0	4819410	6.438	63.4	binc	fxs-usdt	408.1692	0.0	spot	fxs	2022-08-15 01:57:35.644000000	2022	1
23036159	30825032	1660528660651.0	4819411	6.439	37.5	binc	fxs-usdt	241.4625	0.0	spot	fxs	2022-08-15 01:57:40.651000064	2022	1
23036160	30825033	1660528660651.0	4819412	6.439	16.6	binc	fxs-usdt	106.8874	0.0	spot	fxs	2022-08-15 01:57:40.651000064	2022	1
23036161	30825034	1660528660651.0	4819413	6.438	29.8	binc	fxs-usdt	191.8524	0.0	spot	fxs	2022-08-15 01:57:40.651000064	2022	1
23036162	30825035	1660528660651.0	4819414	6.438	15.5	binc	fxs-usdt	99.789	0.0	spot	fxs	2022-08-15 01:57:40.651000064	2022	1
23036163	30825036	1660528663327.0	4819415	6.443	13.5	binc	fxs-usdt	86.98049999999999	1.0	spot	fxs	2022-08-15 01:57:43.327000064	2022	1
23036164	30825037	1660528665676.0	4819416	6.439	7.0	binc	fxs-usdt	45.073	0.0	spot	fxs	2022-08-15 01:57:45.676000000	2022	1
23036165	30825038	1660528669849.0	4819417	6.444	15.5	binc	fxs-usdt	99.882	1.0	spot	fxs	2022-08-15 01:57:49.848999936	2022	1
23036166	30825039	1660528669849.0	4819418	6.444	16.2	binc	fxs-usdt	104.3928	1.0	spot	fxs	2022-08-15 01:57:49.848999936	2022	1
23036167	30825040	1660528669849.0	4819419	6.445	37.5	binc	fxs-usdt	241.6875	1.0	spot	fxs	2022-08-15 01:57:49.848999936	2022	1
23036168	30825041	1660528669902.0	4819420	6.446	15.4	binc	fxs-usdt	99.2684	1.0	spot	fxs	2022-08-15 01:57:49.902000128	2022	1
23036169	30825042	1660528670650.0	4819421	6.444	37.5	binc	fxs-usdt	241.65	0.0	spot	fxs	2022-08-15 01:57:50.649999872	2022	1
23036170	30825043	1660528670650.0	4819422	6.443	15.2	binc	fxs-usdt	97.93359999999998	0.0	spot	fxs	2022-08-15 01:57:50.649999872	2022	1
23036171	30825044	1660528673333.0	4819423	6.447	21.5	binc	fxs-usdt	138.6105	1.0	spot	fxs	2022-08-15 01:57:53.332999936	2022	1
23036172	30825045	1660528675655.0	4819424	6.447	37.5	binc	fxs-usdt	241.7625	0.0	spot	fxs	2022-08-15 01:57:55.655000064	2022	1
23036173	30825046	1660528675655.0	4819425	6.446	16.2	binc	fxs-usdt	104.4252	0.0	spot	fxs	2022-08-15 01:57:55.655000064	2022	1
23036174	30825047	1660528680658.0	4819426	6.445	37.5	binc	fxs-usdt	241.6875	0.0	spot	fxs	2022-08-15 01:58:00.657999872	2022	1
23036175	30825048	1660528681117.0	4819427	6.448	16.2	binc	fxs-usdt	104.4576	1.0	spot	fxs	2022-08-15 01:58:01.116999936	2022	1
23036176	30825049	1660528681117.0	4819428	6.448	1.2	binc	fxs-usdt	7.7376	1.0	spot	fxs	2022-08-15 01:58:01.116999936	2022	1
23036177	30825050	1660528685660.0	4819429	6.443	37.5	binc	fxs-usdt	241.6125	0.0	spot	fxs	2022-08-15 01:58:05.660000000	2022	1
23036178	30825051	1660528685660.0	4819430	6.443	16.2	binc	fxs-usdt	104.3766	0.0	spot	fxs	2022-08-15 01:58:05.660000000	2022	1
23036179	30825052	1660528685660.0	4819431	6.442	15.5	binc	fxs-usdt	99.851	0.0	spot	fxs	2022-08-15 01:58:05.660000000	2022	1
23036180	30825053	1660528685660.0	4819432	6.442	15.5	binc	fxs-usdt	99.851	0.0	spot	fxs	2022-08-15 01:58:05.660000000	2022	1
23036181	30825054	1660528690662.0	4819433	6.443	37.5	binc	fxs-usdt	241.6125	0.0	spot	fxs	2022-08-15 01:58:10.662000128	2022	1
23036182	30825055	1660528690662.0	4819434	6.442	15.5	binc	fxs-usdt	99.851	0.0	spot	fxs	2022-08-15 01:58:10.662000128	2022	1
23036183	30825056	1660528690662.0	4819435	6.442	15.5	binc	fxs-usdt	99.851	0.0	spot	fxs	2022-08-15 01:58:10.662000128	2022	1
23036184	30825057	1660528691095.0	4819436	6.445	37.5	binc	fxs-usdt	241.6875	1.0	spot	fxs	2022-08-15 01:58:11.095000064	2022	1
23036185	30825058	1660528691174.0	4819437	6.445	4.9	binc	fxs-usdt	31.580500000000004	1.0	spot	fxs	2022-08-15 01:58:11.174000128	2022	1
23036186	30825059	1660528692049.0	4819438	6.446	16.2	binc	fxs-usdt	104.4252	1.0	spot	fxs	2022-08-15 01:58:12.048999936	2022	1
23036187	30825060	1660528697028.0	4819439	6.447	37.5	binc	fxs-usdt	241.7625	1.0	spot	fxs	2022-08-15 01:58:17.028000000	2022	1
23036188	30825061	1660528697028.0	4819440	6.447	12.5	binc	fxs-usdt	80.5875	1.0	spot	fxs	2022-08-15 01:58:17.028000000	2022	1
23036189	30825062	1660528700663.0	4819441	6.445	37.5	binc	fxs-usdt	241.6875	0.0	spot	fxs	2022-08-15 01:58:20.663000064	2022	1
23036190	30825063	1660528700663.0	4819442	6.444	16.2	binc	fxs-usdt	104.3928	0.0	spot	fxs	2022-08-15 01:58:20.663000064	2022	1
23036191	30825064	1660528705668.0	4819443	6.443	37.5	binc	fxs-usdt	241.6125	0.0	spot	fxs	2022-08-15 01:58:25.668000000	2022	1
23036192	30825065	1660528705668.0	4819444	6.442	31.0	binc	fxs-usdt	199.702	0.0	spot	fxs	2022-08-15 01:58:25.668000000	2022	1
23036193	30825066	1660528705860.0	4819445	6.445	2.7	binc	fxs-usdt	17.401500000000002	1.0	spot	fxs	2022-08-15 01:58:25.860000000	2022	1
23036194	30825067	1660528705934.0	4819446	6.445	10.5	binc	fxs-usdt	67.6725	1.0	spot	fxs	2022-08-15 01:58:25.934000128	2022	1
23036195	30825068	1660528710673.0	4819447	6.443	37.5	binc	fxs-usdt	241.6125	0.0	spot	fxs	2022-08-15 01:58:30.672999936	2022	1
23036196	30825069	1660528710673.0	4819448	6.442	15.5	binc	fxs-usdt	99.851	0.0	spot	fxs	2022-08-15 01:58:30.672999936	2022	1
23036197	30825070	1660528715672.0	4819449	6.44	37.5	binc	fxs-usdt	241.50000000000003	0.0	spot	fxs	2022-08-15 01:58:35.672000000	2022	1
23036198	30825071	1660528716760.0	4819450	6.441	10.0	binc	fxs-usdt	64.41	1.0	spot	fxs	2022-08-15 01:58:36.760000000	2022	1
23036199	30825072	1660528717116.0	4819451	6.441	10.0	binc	fxs-usdt	64.41	1.0	spot	fxs	2022-08-15 01:58:37.116000000	2022	1
23036200	30825073	1660528717480.0	4819452	6.443	2.3	binc	fxs-usdt	14.818899999999998	1.0	spot	fxs	2022-08-15 01:58:37.480000000	2022	1
23036201	30825074	1660528717480.0	4819453	6.443	7.7	binc	fxs-usdt	49.6111	1.0	spot	fxs	2022-08-15 01:58:37.480000000	2022	1
23036202	30825075	1660528762196.0	4819454	6.445	10.0	binc	fxs-usdt	64.45	1.0	spot	fxs	2022-08-15 01:59:22.196000000	2022	1
23036203	30825076	1660528820795.0	4819455	6.448	3.4	binc	fxs-usdt	21.9232	1.0	spot	fxs	2022-08-15 02:00:20.795000064	2022	2
23036204	30825077	1660528822096.0	4819456	6.449	3.7	binc	fxs-usdt	23.8613	1.0	spot	fxs	2022-08-15 02:00:22.096000000	2022	2
23036205	30825078	1660528895655.0	4819457	6.448	37.5	binc	fxs-usdt	241.8	1.0	spot	fxs	2022-08-15 02:01:35.655000064	2022	2
23036206	30825079	1660528895655.0	4819458	6.448	15.2	binc	fxs-usdt	98.0096	1.0	spot	fxs	2022-08-15 02:01:35.655000064	2022	2
23036207	30825080	1660528895655.0	4819459	6.449	12.5	binc	fxs-usdt	80.6125	1.0	spot	fxs	2022-08-15 02:01:35.655000064	2022	2
23036208	30825081	1660528895655.0	4819460	6.449	4.1	binc	fxs-usdt	26.4409	1.0	spot	fxs	2022-08-15 02:01:35.655000064	2022	2
23036209	30825082	1660528911711.0	4819461	6.449	23.8	binc	fxs-usdt	153.4862	0.0	spot	fxs	2022-08-15 02:01:51.711000064	2022	2
23036210	30825083	1660529001237.0	4819462	6.443	36.7	binc	fxs-usdt	236.4581	0.0	spot	fxs	2022-08-15 02:03:21.236999936	2022	2
23036211	30825084	1660529012141.0	4819463	6.445	37.5	binc	fxs-usdt	241.6875	1.0	spot	fxs	2022-08-15 02:03:32.140999936	2022	2
23036212	30825085	1660529012141.0	4819464	6.445	12.5	binc	fxs-usdt	80.5625	1.0	spot	fxs	2022-08-15 02:03:32.140999936	2022	2
23036213	30825086	1660529012535.0	4819465	6.444	37.5	binc	fxs-usdt	241.65	1.0	spot	fxs	2022-08-15 02:03:32.535000064	2022	2
23036214	30825087	1660529012535.0	4819466	6.445	12.5	binc	fxs-usdt	80.5625	1.0	spot	fxs	2022-08-15 02:03:32.535000064	2022	2
23036215	30825088	1660529012934.0	4819467	6.445	30.0	binc	fxs-usdt	193.35	1.0	spot	fxs	2022-08-15 02:03:32.934000128	2022	2
23036216	30825089	1660529013337.0	4819468	6.445	30.0	binc	fxs-usdt	193.35	1.0	spot	fxs	2022-08-15 02:03:33.336999936	2022	2
23036217	30825090	1660529013364.0	4819469	6.445	39.2	binc	fxs-usdt	252.64400000000003	1.0	spot	fxs	2022-08-15 02:03:33.364000000	2022	2
23036218	30825091	1660529045333.0	4819470	6.448	27.5	binc	fxs-usdt	177.32000000000002	0.0	spot	fxs	2022-08-15 02:04:05.332999936	2022	2
23036219	30825092	1660529055422.0	4819471	6.45	37.5	binc	fxs-usdt	241.875	1.0	spot	fxs	2022-08-15 02:04:15.422000128	2022	2
23036220	30825093	1660529055422.0	4819472	6.45	16.2	binc	fxs-usdt	104.49	1.0	spot	fxs	2022-08-15 02:04:15.422000128	2022	2
23036221	30825094	1660529055422.0	4819473	6.451	15.5	binc	fxs-usdt	99.9905	1.0	spot	fxs	2022-08-15 02:04:15.422000128	2022	2
23036222	30825095	1660529055422.0	4819474	6.452	37.5	binc	fxs-usdt	241.95	1.0	spot	fxs	2022-08-15 02:04:15.422000128	2022	2
23036223	30825096	1660529231736.0	4819475	6.456	37.5	binc	fxs-usdt	242.1	1.0	spot	fxs	2022-08-15 02:07:11.736000000	2022	2
23036224	30825097	1660529231736.0	4819476	6.456	1.2	binc	fxs-usdt	7.7472	1.0	spot	fxs	2022-08-15 02:07:11.736000000	2022	2
23036225	30825098	1660529348319.0	4819477	6.461	7.9	binc	fxs-usdt	51.041900000000005	1.0	spot	fxs	2022-08-15 02:09:08.319000064	2022	2
23036226	30825099	1660529416979.0	4819478	6.461	3.0	binc	fxs-usdt	19.383000000000003	1.0	spot	fxs	2022-08-15 02:10:16.979000064	2022	2
23036227	30825100	1660529556021.0	4819479	6.459	37.5	binc	fxs-usdt	242.2125	1.0	spot	fxs	2022-08-15 02:12:36.020999936	2022	2
23036228	30825101	1660529556021.0	4819480	6.46	1.2	binc	fxs-usdt	7.752	1.0	spot	fxs	2022-08-15 02:12:36.020999936	2022	2
23036229	30825102	1660529848863.0	4819481	6.46	3.8	binc	fxs-usdt	24.548	0.0	spot	fxs	2022-08-15 02:17:28.863000064	2022	2
23036230	30825103	1660529946875.0	4819482	6.459	3.7	binc	fxs-usdt	23.8983	1.0	spot	fxs	2022-08-15 02:19:06.875000064	2022	2
23036231	30825104	1660529965448.0	4819483	6.459	5.3	binc	fxs-usdt	34.232699999999994	1.0	spot	fxs	2022-08-15 02:19:25.448000000	2022	2
23036232	30825105	1660530092595.0	4819484	6.459	28.5	binc	fxs-usdt	184.0815	1.0	spot	fxs	2022-08-15 02:21:32.595000064	2022	2
23036233	30825106	1660530228826.0	4819485	6.459	77.4	binc	fxs-usdt	499.9266	0.0	spot	fxs	2022-08-15 02:23:48.825999872	2022	2
23036234	30825107	1660530240757.0	4819486	6.464	37.5	binc	fxs-usdt	242.4	1.0	spot	fxs	2022-08-15 02:24:00.756999936	2022	2
23036235	30825108	1660530240757.0	4819487	6.465	25.2	binc	fxs-usdt	162.91799999999998	1.0	spot	fxs	2022-08-15 02:24:00.756999936	2022	2
23036236	30825109	1660530240975.0	4819488	6.467	37.5	binc	fxs-usdt	242.5125	0.0	spot	fxs	2022-08-15 02:24:00.975000064	2022	2
23036237	30825110	1660530284050.0	4819489	6.47	37.5	binc	fxs-usdt	242.625	1.0	spot	fxs	2022-08-15 02:24:44.049999872	2022	2
23036238	30825111	1660530284050.0	4819490	6.471	8.4	binc	fxs-usdt	54.3564	1.0	spot	fxs	2022-08-15 02:24:44.049999872	2022	2
23036239	30825112	1660530284050.0	4819491	6.471	8.4	binc	fxs-usdt	54.3564	1.0	spot	fxs	2022-08-15 02:24:44.049999872	2022	2
23036240	30825113	1660530284050.0	4819492	6.471	8.4	binc	fxs-usdt	54.3564	1.0	spot	fxs	2022-08-15 02:24:44.049999872	2022	2
23036241	30825114	1660530284050.0	4819493	6.471	8.4	binc	fxs-usdt	54.3564	1.0	spot	fxs	2022-08-15 02:24:44.049999872	2022	2
23036242	30825115	1660530284050.0	4819494	6.471	5.7	binc	fxs-usdt	36.8847	1.0	spot	fxs	2022-08-15 02:24:44.049999872	2022	2
23036243	30825116	1660530367215.0	4819495	6.469	4.2	binc	fxs-usdt	27.1698	0.0	spot	fxs	2022-08-15 02:26:07.215000064	2022	2
23036244	30825117	1660530367215.0	4819496	6.469	6.5	binc	fxs-usdt	42.0485	0.0	spot	fxs	2022-08-15 02:26:07.215000064	2022	2
23036245	30825118	1660530377202.0	4819497	6.466	10.1	binc	fxs-usdt	65.3066	1.0	spot	fxs	2022-08-15 02:26:17.201999872	2022	2
23036246	30825119	1660530378972.0	4819498	6.466	10.0	binc	fxs-usdt	64.66	1.0	spot	fxs	2022-08-15 02:26:18.972000000	2022	2
23036247	30825120	1660530379359.0	4819499	6.466	10.0	binc	fxs-usdt	64.66	1.0	spot	fxs	2022-08-15 02:26:19.359000064	2022	2
23036249	30825122	1660530409036.0	4819500	6.465	15.1	binc	fxs-usdt	97.6215	0.0	spot	fxs	2022-08-15 02:26:49.036000000	2022	2
23036250	30825123	1660530409036.0	4819501	6.462	15.4	binc	fxs-usdt	99.5148	0.0	spot	fxs	2022-08-15 02:26:49.036000000	2022	2
23036251	30825124	1660530409036.0	4819502	6.461	15.4	binc	fxs-usdt	99.4994	0.0	spot	fxs	2022-08-15 02:26:49.036000000	2022	2
23036252	30825125	1660530409036.0	4819503	6.46	47.9	binc	fxs-usdt	309.434	0.0	spot	fxs	2022-08-15 02:26:49.036000000	2022	2
23036253	30825126	1660530409036.0	4819504	6.459	94.1	binc	fxs-usdt	607.7918999999999	0.0	spot	fxs	2022-08-15 02:26:49.036000000	2022	2
23036254	30825127	1660530409036.0	4819505	6.456	73.8	binc	fxs-usdt	476.4528	0.0	spot	fxs	2022-08-15 02:26:49.036000000	2022	2
23036255	30825128	1660530409036.0	4819506	6.455	53.7	binc	fxs-usdt	346.6335	0.0	spot	fxs	2022-08-15 02:26:49.036000000	2022	2
23036256	30825129	1660530409036.0	4819507	6.453	134.9	binc	fxs-usdt	870.5097000000001	0.0	spot	fxs	2022-08-15 02:26:49.036000000	2022	2
23036257	30825130	1660530482179.0	4819508	6.458	10.7	binc	fxs-usdt	69.1006	1.0	spot	fxs	2022-08-15 02:28:02.179000064	2022	2
23036258	30825131	1660530487579.0	4819509	6.462	9.2	binc	fxs-usdt	59.4504	1.0	spot	fxs	2022-08-15 02:28:07.579000064	2022	2
23036259	30825132	1660530608271.0	4819510	6.468	37.5	binc	fxs-usdt	242.55	1.0	spot	fxs	2022-08-15 02:30:08.271000064	2022	2
23036260	30825133	1660530608271.0	4819511	6.469	15.4	binc	fxs-usdt	99.6226	1.0	spot	fxs	2022-08-15 02:30:08.271000064	2022	2
23036261	30825134	1660530608271.0	4819512	6.47	13.7	binc	fxs-usdt	88.639	1.0	spot	fxs	2022-08-15 02:30:08.271000064	2022	2
23036262	30825135	1660530650524.0	4819513	6.471	15.4	binc	fxs-usdt	99.6534	1.0	spot	fxs	2022-08-15 02:30:50.524000000	2022	2
23036263	30825136	1660530650546.0	4819514	6.472	3.6	binc	fxs-usdt	23.299200000000003	1.0	spot	fxs	2022-08-15 02:30:50.545999872	2022	2
23036264	30825137	1660530650854.0	4819515	6.474	3.0	binc	fxs-usdt	19.422	1.0	spot	fxs	2022-08-15 02:30:50.854000128	2022	2
23036265	30825138	1660530682474.0	4819516	6.477	37.5	binc	fxs-usdt	242.8875	1.0	spot	fxs	2022-08-15 02:31:22.473999872	2022	2
23036266	30825139	1660530682474.0	4819517	6.478	249.4	binc	fxs-usdt	1615.6132	1.0	spot	fxs	2022-08-15 02:31:22.473999872	2022	2
23036267	30825140	1660530682474.0	4819518	6.479	21.8	binc	fxs-usdt	141.2422	1.0	spot	fxs	2022-08-15 02:31:22.473999872	2022	2
23036268	30825141	1660530683240.0	4819519	6.471	15.4	binc	fxs-usdt	99.6534	0.0	spot	fxs	2022-08-15 02:31:23.240000000	2022	2
23036269	30825142	1660530683240.0	4819520	6.471	14.5	binc	fxs-usdt	93.8295	0.0	spot	fxs	2022-08-15 02:31:23.240000000	2022	2
23036270	30825143	1660530683240.0	4819521	6.47	37.5	binc	fxs-usdt	242.625	0.0	spot	fxs	2022-08-15 02:31:23.240000000	2022	2
23036271	30825144	1660530683240.0	4819522	6.469	15.4	binc	fxs-usdt	99.6226	0.0	spot	fxs	2022-08-15 02:31:23.240000000	2022	2
23036272	30825145	1660530683240.0	4819523	6.468	120.0	binc	fxs-usdt	776.16	0.0	spot	fxs	2022-08-15 02:31:23.240000000	2022	2
23036273	30825146	1660530683240.0	4819524	6.465	44.7	binc	fxs-usdt	288.9855	0.0	spot	fxs	2022-08-15 02:31:23.240000000	2022	2
23036274	30825147	1660530683240.0	4819525	6.464	264.5	binc	fxs-usdt	1709.728	0.0	spot	fxs	2022-08-15 02:31:23.240000000	2022	2
23036275	30825148	1660530683240.0	4819526	6.461	44.8	binc	fxs-usdt	289.4528	0.0	spot	fxs	2022-08-15 02:31:23.240000000	2022	2
23036276	30825149	1660530683240.0	4819527	6.46	252.6	binc	fxs-usdt	1631.796	0.0	spot	fxs	2022-08-15 02:31:23.240000000	2022	2
23036277	30825150	1660530683240.0	4819528	6.459	143.0	binc	fxs-usdt	923.637	0.0	spot	fxs	2022-08-15 02:31:23.240000000	2022	2
23036278	30825151	1660530683240.0	4819529	6.458	76.6	binc	fxs-usdt	494.6828	0.0	spot	fxs	2022-08-15 02:31:23.240000000	2022	2
23036279	30825152	1660530683240.0	4819530	6.458	250.2	binc	fxs-usdt	1615.7916	0.0	spot	fxs	2022-08-15 02:31:23.240000000	2022	2
23036280	30825153	1660530683240.0	4819531	6.457	150.0	binc	fxs-usdt	968.55	0.0	spot	fxs	2022-08-15 02:31:23.240000000	2022	2
23036281	30825154	1660530683240.0	4819532	6.456	253.0	binc	fxs-usdt	1633.3680000000002	0.0	spot	fxs	2022-08-15 02:31:23.240000000	2022	2
23036282	30825155	1660530683240.0	4819533	6.456	109.5	binc	fxs-usdt	706.932	0.0	spot	fxs	2022-08-15 02:31:23.240000000	2022	2
23036283	30825156	1660530683240.0	4819534	6.456	162.4	binc	fxs-usdt	1048.4544	0.0	spot	fxs	2022-08-15 02:31:23.240000000	2022	2
23036284	30825157	1660530683240.0	4819535	6.454	292.5	binc	fxs-usdt	1887.795	0.0	spot	fxs	2022-08-15 02:31:23.240000000	2022	2
23036285	30825158	1660530683240.0	4819536	6.454	12.3	binc	fxs-usdt	79.3842	0.0	spot	fxs	2022-08-15 02:31:23.240000000	2022	2
23036286	30825159	1660530683240.0	4819537	6.451	456.2	binc	fxs-usdt	2942.9462	0.0	spot	fxs	2022-08-15 02:31:23.240000000	2022	2
23036287	30825160	1660530683240.0	4819538	6.449	6.5	binc	fxs-usdt	41.9185	0.0	spot	fxs	2022-08-15 02:31:23.240000000	2022	2
23036288	30825161	1660530683240.0	4819539	6.449	29.4	binc	fxs-usdt	189.6006	0.0	spot	fxs	2022-08-15 02:31:23.240000000	2022	2
23036289	30825162	1660530683240.0	4819540	6.449	46.5	binc	fxs-usdt	299.8785	0.0	spot	fxs	2022-08-15 02:31:23.240000000	2022	2
23036290	30825163	1660530683240.0	4819541	6.442	322.6	binc	fxs-usdt	2078.1892000000003	0.0	spot	fxs	2022-08-15 02:31:23.240000000	2022	2
23036291	30825164	1660530683240.0	4819542	6.438	20.2	binc	fxs-usdt	130.0476	0.0	spot	fxs	2022-08-15 02:31:23.240000000	2022	2
23036292	30825165	1660530683275.0	4819543	6.458	15.4	binc	fxs-usdt	99.4532	0.0	spot	fxs	2022-08-15 02:31:23.275000064	2022	2
23036293	30825166	1660530683275.0	4819544	6.457	150.0	binc	fxs-usdt	968.55	0.0	spot	fxs	2022-08-15 02:31:23.275000064	2022	2
23036294	30825167	1660530683275.0	4819545	6.44	31.0	binc	fxs-usdt	199.64	0.0	spot	fxs	2022-08-15 02:31:23.275000064	2022	2
23036295	30825168	1660530683275.0	4819546	6.439	355.9	binc	fxs-usdt	2291.6401	0.0	spot	fxs	2022-08-15 02:31:23.275000064	2022	2
23036296	30825169	1660530683275.0	4819547	6.439	15.4	binc	fxs-usdt	99.1606	0.0	spot	fxs	2022-08-15 02:31:23.275000064	2022	2
23036297	30825170	1660530683275.0	4819548	6.439	92.9	binc	fxs-usdt	598.1831000000001	0.0	spot	fxs	2022-08-15 02:31:23.275000064	2022	2
23036298	30825171	1660530683275.0	4819549	6.438	34.5	binc	fxs-usdt	222.111	0.0	spot	fxs	2022-08-15 02:31:23.275000064	2022	2
23036299	30825172	1660530683275.0	4819550	6.438	725.5	binc	fxs-usdt	4670.769	0.0	spot	fxs	2022-08-15 02:31:23.275000064	2022	2
23036300	30825173	1660530683275.0	4819551	6.435	322.7	binc	fxs-usdt	2076.5745	0.0	spot	fxs	2022-08-15 02:31:23.275000064	2022	2
23036301	30825174	1660530683275.0	4819552	6.435	322.5	binc	fxs-usdt	2075.2875	0.0	spot	fxs	2022-08-15 02:31:23.275000064	2022	2
23036302	30825175	1660530683275.0	4819553	6.435	251.3	binc	fxs-usdt	1617.1155	0.0	spot	fxs	2022-08-15 02:31:23.275000064	2022	2
23036303	30825176	1660530683275.0	4819554	6.434	322.6	binc	fxs-usdt	2075.6084	0.0	spot	fxs	2022-08-15 02:31:23.275000064	2022	2
23036304	30825177	1660530683275.0	4819555	6.425	87.2	binc	fxs-usdt	560.26	0.0	spot	fxs	2022-08-15 02:31:23.275000064	2022	2
23036305	30825178	1660530683275.0	4819556	6.425	49.3	binc	fxs-usdt	316.7525	0.0	spot	fxs	2022-08-15 02:31:23.275000064	2022	2
23036306	30825179	1660530683275.0	4819557	6.422	101.3	binc	fxs-usdt	650.5486	0.0	spot	fxs	2022-08-15 02:31:23.275000064	2022	2
23036307	30825180	1660530683275.0	4819558	6.418	6.7	binc	fxs-usdt	43.0006	0.0	spot	fxs	2022-08-15 02:31:23.275000064	2022	2
23036308	30825181	1660530683275.0	4819559	6.418	96.5	binc	fxs-usdt	619.337	0.0	spot	fxs	2022-08-15 02:31:23.275000064	2022	2
23036309	30825182	1660530683275.0	4819560	6.416	78.2	binc	fxs-usdt	501.73120000000006	0.0	spot	fxs	2022-08-15 02:31:23.275000064	2022	2
23036310	30825183	1660530683275.0	4819561	6.415	87.3	binc	fxs-usdt	560.0295	0.0	spot	fxs	2022-08-15 02:31:23.275000064	2022	2
23036311	30825184	1660530683275.0	4819562	6.414	1.6	binc	fxs-usdt	10.2624	0.0	spot	fxs	2022-08-15 02:31:23.275000064	2022	2
23036312	30825185	1660530683275.0	4819563	6.413	5.8	binc	fxs-usdt	37.1954	0.0	spot	fxs	2022-08-15 02:31:23.275000064	2022	2
23036313	30825186	1660530683275.0	4819564	6.412	73.0	binc	fxs-usdt	468.076	0.0	spot	fxs	2022-08-15 02:31:23.275000064	2022	2
23036314	30825187	1660530683275.0	4819565	6.412	8.1	binc	fxs-usdt	51.9372	0.0	spot	fxs	2022-08-15 02:31:23.275000064	2022	2
23036315	30825188	1660530683275.0	4819566	6.412	8.1	binc	fxs-usdt	51.9372	0.0	spot	fxs	2022-08-15 02:31:23.275000064	2022	2
23036316	30825189	1660530683275.0	4819567	6.412	8.1	binc	fxs-usdt	51.9372	0.0	spot	fxs	2022-08-15 02:31:23.275000064	2022	2
23036317	30825190	1660530683275.0	4819568	6.412	8.1	binc	fxs-usdt	51.9372	0.0	spot	fxs	2022-08-15 02:31:23.275000064	2022	2
23036318	30825191	1660530683275.0	4819569	6.412	8.1	binc	fxs-usdt	51.9372	0.0	spot	fxs	2022-08-15 02:31:23.275000064	2022	2
23036319	30825192	1660530683275.0	4819570	6.412	8.1	binc	fxs-usdt	51.9372	0.0	spot	fxs	2022-08-15 02:31:23.275000064	2022	2
23036320	30825193	1660530683275.0	4819571	6.412	8.1	binc	fxs-usdt	51.9372	0.0	spot	fxs	2022-08-15 02:31:23.275000064	2022	2
23036321	30825194	1660530683275.0	4819572	6.412	8.1	binc	fxs-usdt	51.9372	0.0	spot	fxs	2022-08-15 02:31:23.275000064	2022	2
23036322	30825195	1660530683275.0	4819573	6.412	8.1	binc	fxs-usdt	51.9372	0.0	spot	fxs	2022-08-15 02:31:23.275000064	2022	2
23036323	30825196	1660530683275.0	4819574	6.412	7.6	binc	fxs-usdt	48.7312	0.0	spot	fxs	2022-08-15 02:31:23.275000064	2022	2
23036324	30825197	1660530683275.0	4819575	6.411	104.6	binc	fxs-usdt	670.5905999999999	0.0	spot	fxs	2022-08-15 02:31:23.275000064	2022	2
23036325	30825198	1660530683275.0	4819576	6.411	27.8	binc	fxs-usdt	178.2258	0.0	spot	fxs	2022-08-15 02:31:23.275000064	2022	2
23036326	30825199	1660530683275.0	4819577	6.411	37.1	binc	fxs-usdt	237.8481	0.0	spot	fxs	2022-08-15 02:31:23.275000064	2022	2
23036327	30825200	1660530683294.0	4819578	6.461	177.0	binc	fxs-usdt	1143.597	0.0	spot	fxs	2022-08-15 02:31:23.294000128	2022	2
23036328	30825201	1660530683316.0	4819579	6.455	150.0	binc	fxs-usdt	968.25	0.0	spot	fxs	2022-08-15 02:31:23.316000000	2022	2
23036329	30825202	1660530683335.0	4819580	6.449	12.3	binc	fxs-usdt	79.3227	0.0	spot	fxs	2022-08-15 02:31:23.335000064	2022	2
23036330	30825203	1660530683699.0	4819581	6.438	37.5	binc	fxs-usdt	241.425	0.0	spot	fxs	2022-08-15 02:31:23.699000064	2022	2
23036331	30825204	1660530683699.0	4819582	6.436	20.3	binc	fxs-usdt	130.6508	0.0	spot	fxs	2022-08-15 02:31:23.699000064	2022	2
23036332	30825205	1660530683699.0	4819583	6.436	37.5	binc	fxs-usdt	241.35	0.0	spot	fxs	2022-08-15 02:31:23.699000064	2022	2
23036333	30825206	1660530683699.0	4819584	6.435	36.3	binc	fxs-usdt	233.5905	0.0	spot	fxs	2022-08-15 02:31:23.699000064	2022	2
23036334	30825207	1660530683699.0	4819585	6.432	171.3	binc	fxs-usdt	1101.8016000000002	0.0	spot	fxs	2022-08-15 02:31:23.699000064	2022	2
23036335	30825208	1660530683792.0	4819586	6.444	22.1	binc	fxs-usdt	142.41240000000002	1.0	spot	fxs	2022-08-15 02:31:23.792000000	2022	2
23036336	30825209	1660530683806.0	4819587	6.444	15.4	binc	fxs-usdt	99.2376	1.0	spot	fxs	2022-08-15 02:31:23.806000128	2022	2
23036337	30825210	1660530683828.0	4819588	6.444	14.5	binc	fxs-usdt	93.438	1.0	spot	fxs	2022-08-15 02:31:23.828000000	2022	2
23036338	30825211	1660530683828.0	4819589	6.444	0.9	binc	fxs-usdt	5.7996	1.0	spot	fxs	2022-08-15 02:31:23.828000000	2022	2
23036339	30825212	1660530683851.0	4819590	6.443	14.5	binc	fxs-usdt	93.4235	1.0	spot	fxs	2022-08-15 02:31:23.851000064	2022	2
23036340	30825213	1660530683851.0	4819591	6.444	36.6	binc	fxs-usdt	235.8504	1.0	spot	fxs	2022-08-15 02:31:23.851000064	2022	2
23036341	30825214	1660530683851.0	4819592	6.445	10.7	binc	fxs-usdt	68.9615	1.0	spot	fxs	2022-08-15 02:31:23.851000064	2022	2
23036342	30825215	1660530683896.0	4819593	6.445	4.7	binc	fxs-usdt	30.291500000000003	1.0	spot	fxs	2022-08-15 02:31:23.896000000	2022	2
23036343	30825216	1660530683902.0	4819594	6.445	51.1	binc	fxs-usdt	329.33950000000004	1.0	spot	fxs	2022-08-15 02:31:23.902000128	2022	2
23036344	30825217	1660530683961.0	4819595	6.445	10.7	binc	fxs-usdt	68.9615	1.0	spot	fxs	2022-08-15 02:31:23.960999936	2022	2
23036345	30825218	1660530683961.0	4819596	6.445	15.4	binc	fxs-usdt	99.253	1.0	spot	fxs	2022-08-15 02:31:23.960999936	2022	2
23036346	30825219	1660530683978.0	4819597	6.446	37.5	binc	fxs-usdt	241.725	1.0	spot	fxs	2022-08-15 02:31:23.977999872	2022	2
23036347	30825220	1660530684026.0	4819598	6.447	15.4	binc	fxs-usdt	99.2838	1.0	spot	fxs	2022-08-15 02:31:24.025999872	2022	2
23036348	30825221	1660530684026.0	4819599	6.447	31.0	binc	fxs-usdt	199.857	1.0	spot	fxs	2022-08-15 02:31:24.025999872	2022	2
23036350	30825223	1660530684333.0	4819600	6.452	37.5	binc	fxs-usdt	241.95	1.0	spot	fxs	2022-08-15 02:31:24.332999936	2022	2
23036351	30825224	1660530684333.0	4819601	6.452	15.4	binc	fxs-usdt	99.3608	1.0	spot	fxs	2022-08-15 02:31:24.332999936	2022	2
23036352	30825225	1660530686410.0	4819602	6.452	14.5	binc	fxs-usdt	93.554	0.0	spot	fxs	2022-08-15 02:31:26.409999872	2022	2
23036353	30825226	1660530686410.0	4819603	6.451	37.5	binc	fxs-usdt	241.9125	0.0	spot	fxs	2022-08-15 02:31:26.409999872	2022	2
23036354	30825227	1660530686410.0	4819604	6.451	29.1	binc	fxs-usdt	187.7241	0.0	spot	fxs	2022-08-15 02:31:26.409999872	2022	2
23036355	30825228	1660530687026.0	4819605	6.452	14.5	binc	fxs-usdt	93.554	0.0	spot	fxs	2022-08-15 02:31:27.025999872	2022	2
23036356	30825229	1660530687026.0	4819606	6.451	64.1	binc	fxs-usdt	413.50909999999993	0.0	spot	fxs	2022-08-15 02:31:27.025999872	2022	2
23036357	30825230	1660530687026.0	4819607	6.451	15.4	binc	fxs-usdt	99.3454	0.0	spot	fxs	2022-08-15 02:31:27.025999872	2022	2
23036358	30825231	1660530687026.0	4819608	6.451	19.1	binc	fxs-usdt	123.2141	0.0	spot	fxs	2022-08-15 02:31:27.025999872	2022	2
23036359	30825232	1660530687026.0	4819609	6.45	15.4	binc	fxs-usdt	99.33	0.0	spot	fxs	2022-08-15 02:31:27.025999872	2022	2
23036360	30825233	1660530687026.0	4819610	6.448	15.4	binc	fxs-usdt	99.2992	0.0	spot	fxs	2022-08-15 02:31:27.025999872	2022	2
23036361	30825234	1660530687026.0	4819611	6.447	37.5	binc	fxs-usdt	241.7625	0.0	spot	fxs	2022-08-15 02:31:27.025999872	2022	2
23036362	30825235	1660530687026.0	4819612	6.446	15.4	binc	fxs-usdt	99.2684	0.0	spot	fxs	2022-08-15 02:31:27.025999872	2022	2
23036363	30825236	1660530687026.0	4819613	6.446	27.1	binc	fxs-usdt	174.6866	0.0	spot	fxs	2022-08-15 02:31:27.025999872	2022	2
23036364	30825237	1660530687026.0	4819614	6.443	31.0	binc	fxs-usdt	199.733	0.0	spot	fxs	2022-08-15 02:31:27.025999872	2022	2
23036365	30825238	1660530687043.0	4819615	6.431	8.1	binc	fxs-usdt	52.0911	0.0	spot	fxs	2022-08-15 02:31:27.043000064	2022	2
23036366	30825239	1660530687043.0	4819616	6.431	7.4	binc	fxs-usdt	47.589400000000005	0.0	spot	fxs	2022-08-15 02:31:27.043000064	2022	2
23036367	30825240	1660530687155.0	4819617	6.438	31.0	binc	fxs-usdt	199.578	1.0	spot	fxs	2022-08-15 02:31:27.155000064	2022	2
23036368	30825241	1660530687635.0	4819618	6.439	5.4	binc	fxs-usdt	34.7706	1.0	spot	fxs	2022-08-15 02:31:27.635000064	2022	2
23036369	30825242	1660530688697.0	4819619	6.438	37.5	binc	fxs-usdt	241.425	1.0	spot	fxs	2022-08-15 02:31:28.696999936	2022	2
23036370	30825243	1660530688697.0	4819620	6.439	10.0	binc	fxs-usdt	64.39	1.0	spot	fxs	2022-08-15 02:31:28.696999936	2022	2
23036371	30825244	1660530688697.0	4819621	6.44	30.1	binc	fxs-usdt	193.844	1.0	spot	fxs	2022-08-15 02:31:28.696999936	2022	2
23036372	30825245	1660530689774.0	4819622	6.436	5.4	binc	fxs-usdt	34.754400000000004	0.0	spot	fxs	2022-08-15 02:31:29.774000128	2022	2
23036373	30825246	1660530708314.0	4819623	6.438	10.0	binc	fxs-usdt	64.38	0.0	spot	fxs	2022-08-15 02:31:48.313999872	2022	2
23036374	30825247	1660530708314.0	4819624	6.438	22.6	binc	fxs-usdt	145.49880000000002	0.0	spot	fxs	2022-08-15 02:31:48.313999872	2022	2
23036375	30825248	1660530723774.0	4819625	6.437	3.0	binc	fxs-usdt	19.311	0.0	spot	fxs	2022-08-15 02:32:03.774000128	2022	2
23036376	30825249	1660530723774.0	4819626	6.437	47.0	binc	fxs-usdt	302.539	0.0	spot	fxs	2022-08-15 02:32:03.774000128	2022	2
23036377	30825250	1660530723820.0	4819627	6.437	50.6	binc	fxs-usdt	325.7122	0.0	spot	fxs	2022-08-15 02:32:03.820000000	2022	2
23036378	30825251	1660530731330.0	4819628	6.437	16.3	binc	fxs-usdt	104.9231	0.0	spot	fxs	2022-08-15 02:32:11.329999872	2022	2
23036379	30825252	1660530731629.0	4819629	6.432	70.6	binc	fxs-usdt	454.0992	0.0	spot	fxs	2022-08-15 02:32:11.628999936	2022	2
23036380	30825253	1660530731633.0	4819630	6.432	160.5	binc	fxs-usdt	1032.336	0.0	spot	fxs	2022-08-15 02:32:11.632999936	2022	2
23036381	30825254	1660530734923.0	4819631	6.439	31.0	binc	fxs-usdt	199.609	1.0	spot	fxs	2022-08-15 02:32:14.923000064	2022	2
23036382	30825255	1660530734923.0	4819632	6.439	83.5	binc	fxs-usdt	537.6565	1.0	spot	fxs	2022-08-15 02:32:14.923000064	2022	2
23036383	30825256	1660530734934.0	4819633	6.441	15.5	binc	fxs-usdt	99.8355	1.0	spot	fxs	2022-08-15 02:32:14.934000128	2022	2
23036384	30825257	1660530734950.0	4819634	6.442	15.5	binc	fxs-usdt	99.851	1.0	spot	fxs	2022-08-15 02:32:14.950000128	2022	2
23036385	30825258	1660530734952.0	4819635	6.445	162.6	binc	fxs-usdt	1047.957	1.0	spot	fxs	2022-08-15 02:32:14.952000000	2022	2
23036386	30825259	1660530734952.0	4819636	6.448	8.4	binc	fxs-usdt	54.1632	1.0	spot	fxs	2022-08-15 02:32:14.952000000	2022	2
23036387	30825260	1660530734952.0	4819637	6.448	8.4	binc	fxs-usdt	54.1632	1.0	spot	fxs	2022-08-15 02:32:14.952000000	2022	2
23036388	30825261	1660530734952.0	4819638	6.448	8.4	binc	fxs-usdt	54.1632	1.0	spot	fxs	2022-08-15 02:32:14.952000000	2022	2
23036389	30825262	1660530734952.0	4819639	6.448	8.4	binc	fxs-usdt	54.1632	1.0	spot	fxs	2022-08-15 02:32:14.952000000	2022	2
23036390	30825263	1660530734952.0	4819640	6.448	8.4	binc	fxs-usdt	54.1632	1.0	spot	fxs	2022-08-15 02:32:14.952000000	2022	2
23036391	30825264	1660530734952.0	4819641	6.448	8.4	binc	fxs-usdt	54.1632	1.0	spot	fxs	2022-08-15 02:32:14.952000000	2022	2
23036392	30825265	1660530734952.0	4819642	6.448	8.4	binc	fxs-usdt	54.1632	1.0	spot	fxs	2022-08-15 02:32:14.952000000	2022	2
23036393	30825266	1660530734952.0	4819643	6.448	8.4	binc	fxs-usdt	54.1632	1.0	spot	fxs	2022-08-15 02:32:14.952000000	2022	2
23036394	30825267	1660530734952.0	4819644	6.448	8.4	binc	fxs-usdt	54.1632	1.0	spot	fxs	2022-08-15 02:32:14.952000000	2022	2
23036395	30825268	1660530734952.0	4819645	6.448	7.8	binc	fxs-usdt	50.2944	1.0	spot	fxs	2022-08-15 02:32:14.952000000	2022	2
23036396	30825269	1660530734952.0	4819646	6.45	87.9	binc	fxs-usdt	566.955	1.0	spot	fxs	2022-08-15 02:32:14.952000000	2022	2
23036397	30825270	1660530734959.0	4819647	6.444	15.3	binc	fxs-usdt	98.5932	1.0	spot	fxs	2022-08-15 02:32:14.959000064	2022	2
23036398	30825271	1660530734959.0	4819648	6.45	21.6	binc	fxs-usdt	139.32000000000002	1.0	spot	fxs	2022-08-15 02:32:14.959000064	2022	2
23036399	30825272	1660530734964.0	4819649	6.449	47.9	binc	fxs-usdt	308.9071	1.0	spot	fxs	2022-08-15 02:32:14.964000000	2022	2
23036400	30825273	1660530734990.0	4819650	6.442	16.0	binc	fxs-usdt	103.072	1.0	spot	fxs	2022-08-15 02:32:14.990000128	2022	2
23036401	30825274	1660530734990.0	4819651	6.449	169.6	binc	fxs-usdt	1093.7504	1.0	spot	fxs	2022-08-15 02:32:14.990000128	2022	2
23036402	30825275	1660530734990.0	4819652	6.453	12.3	binc	fxs-usdt	79.37190000000001	1.0	spot	fxs	2022-08-15 02:32:14.990000128	2022	2
23036403	30825276	1660530734997.0	4819653	6.449	16.0	binc	fxs-usdt	103.184	1.0	spot	fxs	2022-08-15 02:32:14.996999936	2022	2
23036404	30825277	1660530735019.0	4819654	6.448	16.0	binc	fxs-usdt	103.168	1.0	spot	fxs	2022-08-15 02:32:15.019000064	2022	2
23036405	30825278	1660530735353.0	4819655	6.454	37.5	binc	fxs-usdt	242.025	0.0	spot	fxs	2022-08-15 02:32:15.352999936	2022	2
23036406	30825279	1660530741196.0	4819656	6.455	37.5	binc	fxs-usdt	242.0625	0.0	spot	fxs	2022-08-15 02:32:21.196000000	2022	2
23036407	30825280	1660530741196.0	4819657	6.454	16.0	binc	fxs-usdt	103.264	0.0	spot	fxs	2022-08-15 02:32:21.196000000	2022	2
23036408	30825281	1660530741196.0	4819658	6.453	21.6	binc	fxs-usdt	139.3848	0.0	spot	fxs	2022-08-15 02:32:21.196000000	2022	2
23036409	30825282	1660530744638.0	4819659	6.454	4.8	binc	fxs-usdt	30.9792	0.0	spot	fxs	2022-08-15 02:32:24.638000128	2022	2
23036410	30825283	1660530746526.0	4819660	6.454	37.5	binc	fxs-usdt	242.025	0.0	spot	fxs	2022-08-15 02:32:26.526000128	2022	2
23036411	30825284	1660530751527.0	4819661	6.454	37.5	binc	fxs-usdt	242.025	0.0	spot	fxs	2022-08-15 02:32:31.527000064	2022	2
23036412	30825285	1660530758993.0	4819662	6.456	10.0	binc	fxs-usdt	64.56	1.0	spot	fxs	2022-08-15 02:32:38.992999936	2022	2
23036413	30825286	1660530759401.0	4819663	6.456	10.0	binc	fxs-usdt	64.56	1.0	spot	fxs	2022-08-15 02:32:39.400999936	2022	2
23036414	30825287	1660530759787.0	4819664	6.456	10.0	binc	fxs-usdt	64.56	1.0	spot	fxs	2022-08-15 02:32:39.787000064	2022	2
23036415	30825288	1660530760175.0	4819665	6.456	7.5	binc	fxs-usdt	48.42	1.0	spot	fxs	2022-08-15 02:32:40.175000064	2022	2
23036416	30825289	1660530760175.0	4819666	6.456	2.5	binc	fxs-usdt	16.14	1.0	spot	fxs	2022-08-15 02:32:40.175000064	2022	2
23036417	30825290	1660530761535.0	4819667	6.454	37.5	binc	fxs-usdt	242.025	0.0	spot	fxs	2022-08-15 02:32:41.535000064	2022	2
23036418	30825291	1660530768675.0	4819668	6.455	12.1	binc	fxs-usdt	78.10549999999999	1.0	spot	fxs	2022-08-15 02:32:48.675000064	2022	2
23036419	30825292	1660530771534.0	4819669	6.454	16.0	binc	fxs-usdt	103.264	0.0	spot	fxs	2022-08-15 02:32:51.534000128	2022	2
23036420	30825293	1660530771534.0	4819670	6.454	15.3	binc	fxs-usdt	98.7462	0.0	spot	fxs	2022-08-15 02:32:51.534000128	2022	2
23036421	30825294	1660530816565.0	4819671	6.453	16.0	binc	fxs-usdt	103.248	0.0	spot	fxs	2022-08-15 02:33:36.564999936	2022	2
23036422	30825295	1660530816565.0	4819672	6.453	37.5	binc	fxs-usdt	241.9875	0.0	spot	fxs	2022-08-15 02:33:36.564999936	2022	2
23036423	30825296	1660530816565.0	4819673	6.453	15.4	binc	fxs-usdt	99.3762	0.0	spot	fxs	2022-08-15 02:33:36.564999936	2022	2
23036424	30825297	1660530816565.0	4819674	6.452	456.2	binc	fxs-usdt	2943.4024	0.0	spot	fxs	2022-08-15 02:33:36.564999936	2022	2
23036425	30825298	1660530820986.0	4819675	6.454	30.0	binc	fxs-usdt	193.62	1.0	spot	fxs	2022-08-15 02:33:40.985999872	2022	2
23036426	30825299	1660530821394.0	4819676	6.454	7.5	binc	fxs-usdt	48.405	1.0	spot	fxs	2022-08-15 02:33:41.393999872	2022	2
23036427	30825300	1660530821394.0	4819677	6.455	2.5	binc	fxs-usdt	16.1375	1.0	spot	fxs	2022-08-15 02:33:41.393999872	2022	2
23036428	30825301	1660530821557.0	4819678	6.449	15.5	binc	fxs-usdt	99.9595	0.0	spot	fxs	2022-08-15 02:33:41.556999936	2022	2
23036429	30825302	1660530821557.0	4819679	6.449	37.5	binc	fxs-usdt	241.8375	0.0	spot	fxs	2022-08-15 02:33:41.556999936	2022	2
23036430	30825303	1660530821787.0	4819680	6.455	4.3	binc	fxs-usdt	27.7565	1.0	spot	fxs	2022-08-15 02:33:41.787000064	2022	2
23036431	30825304	1660530821787.0	4819681	6.455	16.0	binc	fxs-usdt	103.28	1.0	spot	fxs	2022-08-15 02:33:41.787000064	2022	2
23036432	30825305	1660530821787.0	4819682	6.455	9.7	binc	fxs-usdt	62.6135	1.0	spot	fxs	2022-08-15 02:33:41.787000064	2022	2
23036433	30825306	1660530826558.0	4819683	6.451	37.5	binc	fxs-usdt	241.9125	0.0	spot	fxs	2022-08-15 02:33:46.558000128	2022	2
23036434	30825307	1660530826558.0	4819684	6.45	16.0	binc	fxs-usdt	103.2	0.0	spot	fxs	2022-08-15 02:33:46.558000128	2022	2
23036435	30825308	1660530836560.0	4819685	6.45	16.0	binc	fxs-usdt	103.2	0.0	spot	fxs	2022-08-15 02:33:56.560000000	2022	2
23036436	30825309	1660530841576.0	4819686	6.45	16.0	binc	fxs-usdt	103.2	0.0	spot	fxs	2022-08-15 02:34:01.576000000	2022	2
23036437	30825310	1660530841576.0	4819687	6.45	37.5	binc	fxs-usdt	241.875	0.0	spot	fxs	2022-08-15 02:34:01.576000000	2022	2
23036438	30825311	1660530849435.0	4819688	6.452	1.8	binc	fxs-usdt	11.6136	1.0	spot	fxs	2022-08-15 02:34:09.435000064	2022	2
23036439	30825312	1660530851569.0	4819689	6.448	188.9	binc	fxs-usdt	1218.0272000000002	0.0	spot	fxs	2022-08-15 02:34:11.568999936	2022	2
23036440	30825313	1660530852413.0	4819690	6.45	1.6	binc	fxs-usdt	10.32	1.0	spot	fxs	2022-08-15 02:34:12.412999936	2022	2
23036441	30825314	1660530856666.0	4819691	6.448	262.6	binc	fxs-usdt	1693.2448000000002	0.0	spot	fxs	2022-08-15 02:34:16.665999872	2022	2
23036442	30825315	1660530866698.0	4819692	6.444	17.4	binc	fxs-usdt	112.1256	0.0	spot	fxs	2022-08-15 02:34:26.697999872	2022	2
23036443	30825316	1660530867354.0	4819693	6.445	2.4	binc	fxs-usdt	15.468	1.0	spot	fxs	2022-08-15 02:34:27.353999872	2022	2
23036444	30825317	1660530874904.0	4819694	6.451	3.1	binc	fxs-usdt	19.9981	1.0	spot	fxs	2022-08-15 02:34:34.904000000	2022	2
23036445	30825318	1660530902152.0	4819695	6.451	37.5	binc	fxs-usdt	241.9125	1.0	spot	fxs	2022-08-15 02:35:02.152000000	2022	2
23036446	30825319	1660530902241.0	4819696	6.452	16.0	binc	fxs-usdt	103.232	1.0	spot	fxs	2022-08-15 02:35:02.240999936	2022	2
23036447	30825320	1660531092385.0	4819697	6.457	19.9	binc	fxs-usdt	128.49429999999998	1.0	spot	fxs	2022-08-15 02:38:12.384999936	2022	2
23036448	30825321	1660531093899.0	4819698	6.458	3.0	binc	fxs-usdt	19.374	1.0	spot	fxs	2022-08-15 02:38:13.899000064	2022	2
23036449	30825322	1660531095469.0	4819699	6.463	19.4	binc	fxs-usdt	125.3822	1.0	spot	fxs	2022-08-15 02:38:15.468999936	2022	2
23036451	30825324	1660531096339.0	4819700	6.463	18.1	binc	fxs-usdt	116.9803	1.0	spot	fxs	2022-08-15 02:38:16.339000064	2022	2
23036452	30825325	1660531096339.0	4819701	6.464	16.0	binc	fxs-usdt	103.424	1.0	spot	fxs	2022-08-15 02:38:16.339000064	2022	2
23036453	30825326	1660531096339.0	4819702	6.465	37.5	binc	fxs-usdt	242.4375	1.0	spot	fxs	2022-08-15 02:38:16.339000064	2022	2
23036454	30825327	1660531096339.0	4819703	6.467	180.0	binc	fxs-usdt	1164.06	1.0	spot	fxs	2022-08-15 02:38:16.339000064	2022	2
23036455	30825328	1660531096339.0	4819704	6.468	8.4	binc	fxs-usdt	54.3312	1.0	spot	fxs	2022-08-15 02:38:16.339000064	2022	2
23036456	30825329	1660531096339.0	4819705	6.468	8.4	binc	fxs-usdt	54.3312	1.0	spot	fxs	2022-08-15 02:38:16.339000064	2022	2
23036457	30825330	1660531096339.0	4819706	6.468	8.4	binc	fxs-usdt	54.3312	1.0	spot	fxs	2022-08-15 02:38:16.339000064	2022	2
23036458	30825331	1660531096339.0	4819707	6.468	8.4	binc	fxs-usdt	54.3312	1.0	spot	fxs	2022-08-15 02:38:16.339000064	2022	2
23036459	30825332	1660531096339.0	4819708	6.468	8.4	binc	fxs-usdt	54.3312	1.0	spot	fxs	2022-08-15 02:38:16.339000064	2022	2
23036460	30825333	1660531096339.0	4819709	6.468	8.4	binc	fxs-usdt	54.3312	1.0	spot	fxs	2022-08-15 02:38:16.339000064	2022	2
23036461	30825334	1660531096339.0	4819710	6.468	8.4	binc	fxs-usdt	54.3312	1.0	spot	fxs	2022-08-15 02:38:16.339000064	2022	2
23036462	30825335	1660531096339.0	4819711	6.468	8.4	binc	fxs-usdt	54.3312	1.0	spot	fxs	2022-08-15 02:38:16.339000064	2022	2
23036463	30825336	1660531096339.0	4819712	6.468	8.4	binc	fxs-usdt	54.3312	1.0	spot	fxs	2022-08-15 02:38:16.339000064	2022	2
23036464	30825337	1660531096339.0	4819713	6.468	7.5	binc	fxs-usdt	48.51	1.0	spot	fxs	2022-08-15 02:38:16.339000064	2022	2
23036465	30825338	1660531096339.0	4819714	6.47	3.0	binc	fxs-usdt	19.41	1.0	spot	fxs	2022-08-15 02:38:16.339000064	2022	2
23036466	30825339	1660531096339.0	4819715	6.47	12.3	binc	fxs-usdt	79.581	1.0	spot	fxs	2022-08-15 02:38:16.339000064	2022	2
23036467	30825340	1660531096339.0	4819716	6.474	224.1	binc	fxs-usdt	1450.8234	1.0	spot	fxs	2022-08-15 02:38:16.339000064	2022	2
23036468	30825341	1660531096339.0	4819717	6.475	274.8	binc	fxs-usdt	1779.33	1.0	spot	fxs	2022-08-15 02:38:16.339000064	2022	2
23036469	30825342	1660531096339.0	4819718	6.478	73.7	binc	fxs-usdt	477.4286	1.0	spot	fxs	2022-08-15 02:38:16.339000064	2022	2
23036470	30825343	1660531096339.0	4819719	6.478	37.9	binc	fxs-usdt	245.5162	1.0	spot	fxs	2022-08-15 02:38:16.339000064	2022	2
23036471	30825344	1660531096345.0	4819720	6.478	129.5	binc	fxs-usdt	838.901	0.0	spot	fxs	2022-08-15 02:38:16.344999936	2022	2
23036472	30825345	1660531096349.0	4819721	6.478	15.5	binc	fxs-usdt	100.409	0.0	spot	fxs	2022-08-15 02:38:16.348999936	2022	2
23036473	30825346	1660531096350.0	4819722	6.478	207.3	binc	fxs-usdt	1342.8894	0.0	spot	fxs	2022-08-15 02:38:16.350000128	2022	2
23036474	30825347	1660531096352.0	4819723	6.478	1487.2	binc	fxs-usdt	9634.0816	0.0	spot	fxs	2022-08-15 02:38:16.352000000	2022	2
23036475	30825348	1660531096976.0	4819724	6.473	19.2	binc	fxs-usdt	124.2816	1.0	spot	fxs	2022-08-15 02:38:16.976000000	2022	2
23036476	30825349	1660531098506.0	4819725	6.473	18.3	binc	fxs-usdt	118.4559	1.0	spot	fxs	2022-08-15 02:38:18.505999872	2022	2
23036477	30825350	1660531098506.0	4819726	6.473	3.5	binc	fxs-usdt	22.6555	1.0	spot	fxs	2022-08-15 02:38:18.505999872	2022	2
23036478	30825351	1660531100028.0	4819727	6.472	23.8	binc	fxs-usdt	154.0336	1.0	spot	fxs	2022-08-15 02:38:20.028000000	2022	2
23036479	30825352	1660531101553.0	4819728	6.472	13.7	binc	fxs-usdt	88.6664	1.0	spot	fxs	2022-08-15 02:38:21.552999936	2022	2
23036480	30825353	1660531101553.0	4819729	6.472	5.7	binc	fxs-usdt	36.89040000000001	1.0	spot	fxs	2022-08-15 02:38:21.552999936	2022	2
23036481	30825354	1660531103093.0	4819730	6.471	20.9	binc	fxs-usdt	135.2439	1.0	spot	fxs	2022-08-15 02:38:23.092999936	2022	2
23036482	30825355	1660531104598.0	4819731	6.471	16.6	binc	fxs-usdt	107.4186	1.0	spot	fxs	2022-08-15 02:38:24.598000128	2022	2
23036483	30825356	1660531106120.0	4819732	6.472	13.5	binc	fxs-usdt	87.372	1.0	spot	fxs	2022-08-15 02:38:26.120000000	2022	2
23036484	30825357	1660531106120.0	4819733	6.472	7.6	binc	fxs-usdt	49.1872	1.0	spot	fxs	2022-08-15 02:38:26.120000000	2022	2
23036485	30825358	1660531107716.0	4819734	6.472	16.6	binc	fxs-usdt	107.43520000000002	1.0	spot	fxs	2022-08-15 02:38:27.716000000	2022	2
23036486	30825359	1660531109234.0	4819735	6.472	13.3	binc	fxs-usdt	86.0776	1.0	spot	fxs	2022-08-15 02:38:29.233999872	2022	2
23036487	30825360	1660531110747.0	4819736	6.472	21.4	binc	fxs-usdt	138.5008	1.0	spot	fxs	2022-08-15 02:38:30.747000064	2022	2
23036488	30825361	1660531112271.0	4819737	6.472	16.1	binc	fxs-usdt	104.19920000000002	1.0	spot	fxs	2022-08-15 02:38:32.271000064	2022	2
23036489	30825362	1660531113816.0	4819738	6.473	22.3	binc	fxs-usdt	144.3479	1.0	spot	fxs	2022-08-15 02:38:33.816000000	2022	2
23036490	30825363	1660531115334.0	4819739	6.473	2.2	binc	fxs-usdt	14.2406	1.0	spot	fxs	2022-08-15 02:38:35.334000128	2022	2
23036491	30825364	1660531115334.0	4819740	6.473	8.4	binc	fxs-usdt	54.3732	1.0	spot	fxs	2022-08-15 02:38:35.334000128	2022	2
23036492	30825365	1660531115334.0	4819741	6.473	10.6	binc	fxs-usdt	68.6138	1.0	spot	fxs	2022-08-15 02:38:35.334000128	2022	2
23036493	30825366	1660531116558.0	4819742	6.473	26.9	binc	fxs-usdt	174.1237	1.0	spot	fxs	2022-08-15 02:38:36.558000128	2022	2
23036494	30825367	1660531116558.0	4819743	6.473	8.4	binc	fxs-usdt	54.3732	1.0	spot	fxs	2022-08-15 02:38:36.558000128	2022	2
23036495	30825368	1660531116558.0	4819744	6.473	8.4	binc	fxs-usdt	54.3732	1.0	spot	fxs	2022-08-15 02:38:36.558000128	2022	2
23036496	30825369	1660531116558.0	4819745	6.473	8.4	binc	fxs-usdt	54.3732	1.0	spot	fxs	2022-08-15 02:38:36.558000128	2022	2
23036497	30825370	1660531116558.0	4819746	6.473	8.4	binc	fxs-usdt	54.3732	1.0	spot	fxs	2022-08-15 02:38:36.558000128	2022	2
23036498	30825371	1660531116558.0	4819747	6.473	8.4	binc	fxs-usdt	54.3732	1.0	spot	fxs	2022-08-15 02:38:36.558000128	2022	2
23036499	30825372	1660531116558.0	4819748	6.473	8.4	binc	fxs-usdt	54.3732	1.0	spot	fxs	2022-08-15 02:38:36.558000128	2022	2
23036500	30825373	1660531116558.0	4819749	6.473	8.4	binc	fxs-usdt	54.3732	1.0	spot	fxs	2022-08-15 02:38:36.558000128	2022	2
23036501	30825374	1660531116558.0	4819750	6.473	8.4	binc	fxs-usdt	54.3732	1.0	spot	fxs	2022-08-15 02:38:36.558000128	2022	2
23036502	30825375	1660531116558.0	4819751	6.473	7.5	binc	fxs-usdt	48.5475	1.0	spot	fxs	2022-08-15 02:38:36.558000128	2022	2
23036503	30825376	1660531116558.0	4819752	6.476	2.0	binc	fxs-usdt	12.952	1.0	spot	fxs	2022-08-15 02:38:36.558000128	2022	2
23036504	30825377	1660531116558.0	4819753	6.477	215.3	binc	fxs-usdt	1394.4981000000002	1.0	spot	fxs	2022-08-15 02:38:36.558000128	2022	2
23036505	30825378	1660531116851.0	4819754	6.476	16.2	binc	fxs-usdt	104.9112	1.0	spot	fxs	2022-08-15 02:38:36.851000064	2022	2
23036506	30825379	1660531118370.0	4819755	6.476	3.1	binc	fxs-usdt	20.0756	1.0	spot	fxs	2022-08-15 02:38:38.369999872	2022	2
23036507	30825380	1660531118370.0	4819756	6.476	18.8	binc	fxs-usdt	121.7488	1.0	spot	fxs	2022-08-15 02:38:38.369999872	2022	2
23036508	30825381	1660531119888.0	4819757	6.476	8.4	binc	fxs-usdt	54.3984	1.0	spot	fxs	2022-08-15 02:38:39.888000000	2022	2
23036509	30825382	1660531119888.0	4819758	6.476	8.4	binc	fxs-usdt	54.3984	1.0	spot	fxs	2022-08-15 02:38:39.888000000	2022	2
23036510	30825383	1660531119888.0	4819759	6.476	2.6	binc	fxs-usdt	16.837600000000002	1.0	spot	fxs	2022-08-15 02:38:39.888000000	2022	2
23036511	30825384	1660531121392.0	4819760	6.476	5.8	binc	fxs-usdt	37.5608	1.0	spot	fxs	2022-08-15 02:38:41.392000000	2022	2
23036512	30825385	1660531121392.0	4819761	6.476	8.4	binc	fxs-usdt	54.3984	1.0	spot	fxs	2022-08-15 02:38:41.392000000	2022	2
23036513	30825386	1660531121392.0	4819762	6.476	8.4	binc	fxs-usdt	54.3984	1.0	spot	fxs	2022-08-15 02:38:41.392000000	2022	2
23036514	30825387	1660531121392.0	4819763	6.476	0.1	binc	fxs-usdt	0.6476000000000001	1.0	spot	fxs	2022-08-15 02:38:41.392000000	2022	2
23036515	30825388	1660531122911.0	4819764	6.476	8.3	binc	fxs-usdt	53.750800000000005	1.0	spot	fxs	2022-08-15 02:38:42.911000064	2022	2
23036516	30825389	1660531122911.0	4819765	6.476	8.4	binc	fxs-usdt	54.3984	1.0	spot	fxs	2022-08-15 02:38:42.911000064	2022	2
23036517	30825390	1660531122911.0	4819766	6.476	5.2	binc	fxs-usdt	33.675200000000004	1.0	spot	fxs	2022-08-15 02:38:42.911000064	2022	2
23036518	30825391	1660531124420.0	4819767	6.476	3.2	binc	fxs-usdt	20.7232	1.0	spot	fxs	2022-08-15 02:38:44.420000000	2022	2
23036519	30825392	1660531124420.0	4819768	6.476	18.7	binc	fxs-usdt	121.1012	1.0	spot	fxs	2022-08-15 02:38:44.420000000	2022	2
23036520	30825393	1660531125923.0	4819769	6.476	22.4	binc	fxs-usdt	145.0624	1.0	spot	fxs	2022-08-15 02:38:45.923000064	2022	2
23036521	30825394	1660531127459.0	4819770	6.476	4.2	binc	fxs-usdt	27.1992	1.0	spot	fxs	2022-08-15 02:38:47.459000064	2022	2
23036522	30825395	1660531127459.0	4819771	6.476	8.4	binc	fxs-usdt	54.3984	1.0	spot	fxs	2022-08-15 02:38:47.459000064	2022	2
23036523	30825396	1660531127459.0	4819772	6.476	5.8	binc	fxs-usdt	37.5608	1.0	spot	fxs	2022-08-15 02:38:47.459000064	2022	2
23036524	30825397	1660531128972.0	4819773	6.476	1.6	binc	fxs-usdt	10.3616	1.0	spot	fxs	2022-08-15 02:38:48.972000000	2022	2
23036525	30825398	1660531130508.0	4819774	6.477	22.2	binc	fxs-usdt	143.7894	1.0	spot	fxs	2022-08-15 02:38:50.508000000	2022	2
23036526	30825399	1660531132043.0	4819775	6.476	8.4	binc	fxs-usdt	54.3984	1.0	spot	fxs	2022-08-15 02:38:52.043000064	2022	2
23036527	30825400	1660531132043.0	4819776	6.476	8.4	binc	fxs-usdt	54.3984	1.0	spot	fxs	2022-08-15 02:38:52.043000064	2022	2
23036528	30825401	1660531132043.0	4819777	6.476	1.3	binc	fxs-usdt	8.418800000000001	1.0	spot	fxs	2022-08-15 02:38:52.043000064	2022	2
23036529	30825402	1660531133545.0	4819778	6.476	7.1	binc	fxs-usdt	45.9796	1.0	spot	fxs	2022-08-15 02:38:53.544999936	2022	2
23036530	30825403	1660531133545.0	4819779	6.476	8.4	binc	fxs-usdt	54.3984	1.0	spot	fxs	2022-08-15 02:38:53.544999936	2022	2
23036531	30825404	1660531133545.0	4819780	6.476	8.3	binc	fxs-usdt	53.750800000000005	1.0	spot	fxs	2022-08-15 02:38:53.544999936	2022	2
23036532	30825405	1660531135066.0	4819781	6.476	0.1	binc	fxs-usdt	0.6476000000000001	1.0	spot	fxs	2022-08-15 02:38:55.065999872	2022	2
23036533	30825406	1660531135066.0	4819782	6.476	8.4	binc	fxs-usdt	54.3984	1.0	spot	fxs	2022-08-15 02:38:55.065999872	2022	2
23036534	30825407	1660531135066.0	4819783	6.476	8.4	binc	fxs-usdt	54.3984	1.0	spot	fxs	2022-08-15 02:38:55.065999872	2022	2
23036535	30825408	1660531135066.0	4819784	6.476	0.3	binc	fxs-usdt	1.9428	1.0	spot	fxs	2022-08-15 02:38:55.065999872	2022	2
23036536	30825409	1660531136578.0	4819785	6.476	8.1	binc	fxs-usdt	52.4556	1.0	spot	fxs	2022-08-15 02:38:56.577999872	2022	2
23036537	30825410	1660531136578.0	4819786	6.476	8.4	binc	fxs-usdt	54.3984	1.0	spot	fxs	2022-08-15 02:38:56.577999872	2022	2
23036538	30825411	1660531136578.0	4819787	6.476	1.5	binc	fxs-usdt	9.714	1.0	spot	fxs	2022-08-15 02:38:56.577999872	2022	2
23036539	30825412	1660531136674.0	4819788	6.475	5.6	binc	fxs-usdt	36.26	0.0	spot	fxs	2022-08-15 02:38:56.673999872	2022	2
23036540	30825413	1660531136749.0	4819789	6.475	5.6	binc	fxs-usdt	36.26	0.0	spot	fxs	2022-08-15 02:38:56.748999936	2022	2
23036541	30825414	1660531136931.0	4819790	6.475	5.6	binc	fxs-usdt	36.26	0.0	spot	fxs	2022-08-15 02:38:56.931000064	2022	2
23036542	30825415	1660531137012.0	4819791	6.475	5.6	binc	fxs-usdt	36.26	0.0	spot	fxs	2022-08-15 02:38:57.012000000	2022	2
23036543	30825416	1660531137121.0	4819792	6.475	5.6	binc	fxs-usdt	36.26	0.0	spot	fxs	2022-08-15 02:38:57.120999936	2022	2
23036544	30825417	1660531137171.0	4819793	6.475	5.6	binc	fxs-usdt	36.26	0.0	spot	fxs	2022-08-15 02:38:57.171000064	2022	2
23036545	30825418	1660531137231.0	4819794	6.475	5.6	binc	fxs-usdt	36.26	0.0	spot	fxs	2022-08-15 02:38:57.231000064	2022	2
23036546	30825419	1660531137292.0	4819795	6.475	5.6	binc	fxs-usdt	36.26	0.0	spot	fxs	2022-08-15 02:38:57.292000000	2022	2
23036547	30825420	1660531137503.0	4819796	6.475	5.6	binc	fxs-usdt	36.26	0.0	spot	fxs	2022-08-15 02:38:57.503000064	2022	2
23036548	30825421	1660531137565.0	4819797	6.475	4.9	binc	fxs-usdt	31.7275	0.0	spot	fxs	2022-08-15 02:38:57.564999936	2022	2
23036549	30825422	1660531138094.0	4819798	6.476	5.9	binc	fxs-usdt	38.208400000000005	1.0	spot	fxs	2022-08-15 02:38:58.094000128	2022	2
23036550	30825423	1660531138094.0	4819799	6.476	15.1	binc	fxs-usdt	97.7876	1.0	spot	fxs	2022-08-15 02:38:58.094000128	2022	2
23036552	30825425	1660531138244.0	4819800	6.475	5.6	binc	fxs-usdt	36.26	0.0	spot	fxs	2022-08-15 02:38:58.244000000	2022	2
23036553	30825426	1660531138331.0	4819801	6.475	5.6	binc	fxs-usdt	36.26	0.0	spot	fxs	2022-08-15 02:38:58.331000064	2022	2
23036554	30825427	1660531138417.0	4819802	6.475	5.6	binc	fxs-usdt	36.26	0.0	spot	fxs	2022-08-15 02:38:58.416999936	2022	2
23036555	30825428	1660531138606.0	4819803	6.475	5.6	binc	fxs-usdt	36.26	0.0	spot	fxs	2022-08-15 02:38:58.606000128	2022	2
23036556	30825429	1660531138700.0	4819804	6.475	5.6	binc	fxs-usdt	36.26	0.0	spot	fxs	2022-08-15 02:38:58.700000000	2022	2
23036557	30825430	1660531138782.0	4819805	6.475	5.6	binc	fxs-usdt	36.26	0.0	spot	fxs	2022-08-15 02:38:58.782000128	2022	2
23036558	30825431	1660531138848.0	4819806	6.475	5.6	binc	fxs-usdt	36.26	0.0	spot	fxs	2022-08-15 02:38:58.848000000	2022	2
23036559	30825432	1660531139223.0	4819807	6.475	5.6	binc	fxs-usdt	36.26	0.0	spot	fxs	2022-08-15 02:38:59.223000064	2022	2
23036560	30825433	1660531139290.0	4819808	6.475	43.1	binc	fxs-usdt	279.0725	0.0	spot	fxs	2022-08-15 02:38:59.289999872	2022	2
23036561	30825434	1660531139337.0	4819809	6.475	50.0	binc	fxs-usdt	323.75	0.0	spot	fxs	2022-08-15 02:38:59.336999936	2022	2
23036562	30825435	1660531139355.0	4819810	6.475	12.1	binc	fxs-usdt	78.3475	0.0	spot	fxs	2022-08-15 02:38:59.355000064	2022	2
23036563	30825436	1660531139355.0	4819811	6.473	30.3	binc	fxs-usdt	196.1319	0.0	spot	fxs	2022-08-15 02:38:59.355000064	2022	2
23036564	30825437	1660531145590.0	4819812	6.475	92.7	binc	fxs-usdt	600.2325	1.0	spot	fxs	2022-08-15 02:39:05.590000128	2022	2
23036565	30825438	1660531145590.0	4819813	6.476	8.4	binc	fxs-usdt	54.3984	1.0	spot	fxs	2022-08-15 02:39:05.590000128	2022	2
23036566	30825439	1660531145590.0	4819814	6.476	4.6	binc	fxs-usdt	29.7896	1.0	spot	fxs	2022-08-15 02:39:05.590000128	2022	2
23036567	30825440	1660531145590.0	4819815	6.476	8.4	binc	fxs-usdt	54.3984	1.0	spot	fxs	2022-08-15 02:39:05.590000128	2022	2
23036568	30825441	1660531145590.0	4819816	6.476	8.4	binc	fxs-usdt	54.3984	1.0	spot	fxs	2022-08-15 02:39:05.590000128	2022	2
23036569	30825442	1660531145590.0	4819817	6.476	8.4	binc	fxs-usdt	54.3984	1.0	spot	fxs	2022-08-15 02:39:05.590000128	2022	2
23036570	30825443	1660531145590.0	4819818	6.476	8.4	binc	fxs-usdt	54.3984	1.0	spot	fxs	2022-08-15 02:39:05.590000128	2022	2
23036571	30825444	1660531145590.0	4819819	6.476	8.4	binc	fxs-usdt	54.3984	1.0	spot	fxs	2022-08-15 02:39:05.590000128	2022	2
23036572	30825445	1660531145590.0	4819820	6.476	8.4	binc	fxs-usdt	54.3984	1.0	spot	fxs	2022-08-15 02:39:05.590000128	2022	2
23036573	30825446	1660531145590.0	4819821	6.476	8.4	binc	fxs-usdt	54.3984	1.0	spot	fxs	2022-08-15 02:39:05.590000128	2022	2
23036574	30825447	1660531145590.0	4819822	6.476	8.4	binc	fxs-usdt	54.3984	1.0	spot	fxs	2022-08-15 02:39:05.590000128	2022	2
23036575	30825448	1660531145590.0	4819823	6.476	7.4	binc	fxs-usdt	47.9224	1.0	spot	fxs	2022-08-15 02:39:05.590000128	2022	2
23036576	30825449	1660531145590.0	4819824	6.477	765.0	binc	fxs-usdt	4954.905000000001	1.0	spot	fxs	2022-08-15 02:39:05.590000128	2022	2
23036577	30825450	1660531145590.0	4819825	6.478	35.5	binc	fxs-usdt	229.969	1.0	spot	fxs	2022-08-15 02:39:05.590000128	2022	2
23036578	30825451	1660531145590.0	4819826	6.478	47.9	binc	fxs-usdt	310.2962	1.0	spot	fxs	2022-08-15 02:39:05.590000128	2022	2
23036579	30825452	1660531145590.0	4819827	6.482	971.3	binc	fxs-usdt	6295.9666	1.0	spot	fxs	2022-08-15 02:39:05.590000128	2022	2
23036580	30825453	1660531168294.0	4819828	6.475	19.3	binc	fxs-usdt	124.9675	1.0	spot	fxs	2022-08-15 02:39:28.294000128	2022	2
23036581	30825454	1660531169596.0	4819829	6.481	8.4	binc	fxs-usdt	54.4404	1.0	spot	fxs	2022-08-15 02:39:29.596000000	2022	2
23036582	30825455	1660531172613.0	4819830	6.481	8.4	binc	fxs-usdt	54.4404	1.0	spot	fxs	2022-08-15 02:39:32.612999936	2022	2
23036583	30825456	1660531175638.0	4819831	6.481	8.4	binc	fxs-usdt	54.4404	1.0	spot	fxs	2022-08-15 02:39:35.638000128	2022	2
23036584	30825457	1660531175649.0	4819832	6.481	8.4	binc	fxs-usdt	54.4404	1.0	spot	fxs	2022-08-15 02:39:35.648999936	2022	2
23036585	30825458	1660531175649.0	4819833	6.481	7.0	binc	fxs-usdt	45.367	1.0	spot	fxs	2022-08-15 02:39:35.648999936	2022	2
23036586	30825459	1660531175653.0	4819834	6.481	1.4	binc	fxs-usdt	9.0734	1.0	spot	fxs	2022-08-15 02:39:35.652999936	2022	2
23036587	30825460	1660531175653.0	4819835	6.481	8.4	binc	fxs-usdt	54.4404	1.0	spot	fxs	2022-08-15 02:39:35.652999936	2022	2
23036588	30825461	1660531175653.0	4819836	6.481	5.6	binc	fxs-usdt	36.2936	1.0	spot	fxs	2022-08-15 02:39:35.652999936	2022	2
23036589	30825462	1660531177911.0	4819837	6.48	1.8	binc	fxs-usdt	11.664	1.0	spot	fxs	2022-08-15 02:39:37.911000064	2022	2
23036590	30825463	1660531178662.0	4819838	6.481	2.8	binc	fxs-usdt	18.1468	1.0	spot	fxs	2022-08-15 02:39:38.662000128	2022	2
23036591	30825464	1660531178664.0	4819839	6.481	2.8	binc	fxs-usdt	18.1468	1.0	spot	fxs	2022-08-15 02:39:38.664000000	2022	2
23036592	30825465	1660531178673.0	4819840	6.481	5.6	binc	fxs-usdt	36.2936	1.0	spot	fxs	2022-08-15 02:39:38.672999936	2022	2
23036593	30825466	1660531178683.0	4819841	6.481	5.6	binc	fxs-usdt	36.2936	1.0	spot	fxs	2022-08-15 02:39:38.683000064	2022	2
23036594	30825467	1660531178686.0	4819842	6.481	2.8	binc	fxs-usdt	18.1468	1.0	spot	fxs	2022-08-15 02:39:38.686000128	2022	2
23036595	30825468	1660531178695.0	4819843	6.481	2.8	binc	fxs-usdt	18.1468	1.0	spot	fxs	2022-08-15 02:39:38.695000064	2022	2
23036596	30825469	1660531178699.0	4819844	6.481	4.6	binc	fxs-usdt	29.8126	1.0	spot	fxs	2022-08-15 02:39:38.699000064	2022	2
23036597	30825470	1660531211818.0	4819845	6.486	17.6	binc	fxs-usdt	114.1536	1.0	spot	fxs	2022-08-15 02:40:11.817999872	2022	2
23036598	30825471	1660531211818.0	4819846	6.486	7.0	binc	fxs-usdt	45.402	1.0	spot	fxs	2022-08-15 02:40:11.817999872	2022	2
23036599	30825472	1660531211818.0	4819847	6.486	13.3	binc	fxs-usdt	86.2638	1.0	spot	fxs	2022-08-15 02:40:11.817999872	2022	2
23036600	30825473	1660531211818.0	4819848	6.487	63.6	binc	fxs-usdt	412.5732	1.0	spot	fxs	2022-08-15 02:40:11.817999872	2022	2
23036601	30825474	1660531211818.0	4819849	6.487	13.5	binc	fxs-usdt	87.5745	1.0	spot	fxs	2022-08-15 02:40:11.817999872	2022	2
23036602	30825475	1660531212171.0	4819850	6.488	8.5	binc	fxs-usdt	55.148	1.0	spot	fxs	2022-08-15 02:40:12.171000064	2022	2
23036603	30825476	1660531224786.0	4819851	6.494	17.6	binc	fxs-usdt	114.2944	1.0	spot	fxs	2022-08-15 02:40:24.785999872	2022	2
23036604	30825477	1660531224786.0	4819852	6.495	55.3	binc	fxs-usdt	359.1735	1.0	spot	fxs	2022-08-15 02:40:24.785999872	2022	2
23036605	30825478	1660531225226.0	4819853	6.496	63.0	binc	fxs-usdt	409.2480000000001	1.0	spot	fxs	2022-08-15 02:40:25.225999872	2022	2
23036606	30825479	1660531225226.0	4819854	6.497	150.0	binc	fxs-usdt	974.55	1.0	spot	fxs	2022-08-15 02:40:25.225999872	2022	2
23036607	30825480	1660531226427.0	4819855	6.501	37.5	binc	fxs-usdt	243.7875	0.0	spot	fxs	2022-08-15 02:40:26.427000064	2022	2
23036608	30825481	1660531226532.0	4819856	6.501	37.5	binc	fxs-usdt	243.7875	0.0	spot	fxs	2022-08-15 02:40:26.532000000	2022	2
23036609	30825482	1660531226747.0	4819857	6.502	8.3	binc	fxs-usdt	53.9666	1.0	spot	fxs	2022-08-15 02:40:26.747000064	2022	2
23036610	30825483	1660531226747.0	4819858	6.502	8.3	binc	fxs-usdt	53.9666	1.0	spot	fxs	2022-08-15 02:40:26.747000064	2022	2
23036611	30825484	1660531226747.0	4819859	6.502	8.3	binc	fxs-usdt	53.9666	1.0	spot	fxs	2022-08-15 02:40:26.747000064	2022	2
23036612	30825485	1660531226747.0	4819860	6.502	8.3	binc	fxs-usdt	53.9666	1.0	spot	fxs	2022-08-15 02:40:26.747000064	2022	2
23036613	30825486	1660531226747.0	4819861	6.502	2.0	binc	fxs-usdt	13.004	1.0	spot	fxs	2022-08-15 02:40:26.747000064	2022	2
23036614	30825487	1660531231754.0	4819862	6.502	6.3	binc	fxs-usdt	40.9626	1.0	spot	fxs	2022-08-15 02:40:31.753999872	2022	2
23036615	30825488	1660531231754.0	4819863	6.502	19.4	binc	fxs-usdt	126.1388	1.0	spot	fxs	2022-08-15 02:40:31.753999872	2022	2
23036616	30825489	1660531231754.0	4819864	6.502	8.3	binc	fxs-usdt	53.9666	1.0	spot	fxs	2022-08-15 02:40:31.753999872	2022	2
23036617	30825490	1660531231754.0	4819865	6.502	1.2	binc	fxs-usdt	7.8024	1.0	spot	fxs	2022-08-15 02:40:31.753999872	2022	2
23036618	30825491	1660531231843.0	4819866	6.502	7.1	binc	fxs-usdt	46.1642	1.0	spot	fxs	2022-08-15 02:40:31.843000064	2022	2
23036619	30825492	1660531231857.0	4819867	6.502	8.3	binc	fxs-usdt	53.9666	1.0	spot	fxs	2022-08-15 02:40:31.856999936	2022	2
23036620	30825493	1660531231857.0	4819868	6.502	8.3	binc	fxs-usdt	53.9666	1.0	spot	fxs	2022-08-15 02:40:31.856999936	2022	2
23036621	30825494	1660531231857.0	4819869	6.502	8.0	binc	fxs-usdt	52.016	1.0	spot	fxs	2022-08-15 02:40:31.856999936	2022	2
23036622	30825495	1660531231857.0	4819870	6.503	2.3	binc	fxs-usdt	14.9569	1.0	spot	fxs	2022-08-15 02:40:31.856999936	2022	2
23036623	30825496	1660531236752.0	4819871	6.503	24.6	binc	fxs-usdt	159.9738	1.0	spot	fxs	2022-08-15 02:40:36.752000000	2022	2
23036624	30825497	1660531241753.0	4819872	6.503	150.0	binc	fxs-usdt	975.45	1.0	spot	fxs	2022-08-15 02:40:41.752999936	2022	2
23036625	30825498	1660531246759.0	4819873	6.504	29.6	binc	fxs-usdt	192.5184	1.0	spot	fxs	2022-08-15 02:40:46.759000064	2022	2
23036626	30825499	1660531246759.0	4819874	6.505	8.6	binc	fxs-usdt	55.943	1.0	spot	fxs	2022-08-15 02:40:46.759000064	2022	2
23036627	30825500	1660531247584.0	4819875	6.505	7.5	binc	fxs-usdt	48.7875	0.0	spot	fxs	2022-08-15 02:40:47.584000000	2022	2
23036628	30825501	1660531256758.0	4819876	6.507	3.6	binc	fxs-usdt	23.4252	1.0	spot	fxs	2022-08-15 02:40:56.758000128	2022	2
23036629	30825502	1660531256758.0	4819877	6.507	1.6	binc	fxs-usdt	10.4112	1.0	spot	fxs	2022-08-15 02:40:56.758000128	2022	2
23036630	30825503	1660531256758.0	4819878	6.507	55.7	binc	fxs-usdt	362.4399	1.0	spot	fxs	2022-08-15 02:40:56.758000128	2022	2
23036631	30825504	1660531256775.0	4819879	6.51	72.9	binc	fxs-usdt	474.579	0.0	spot	fxs	2022-08-15 02:40:56.775000064	2022	2
23036632	30825505	1660531256783.0	4819880	6.51	131.8	binc	fxs-usdt	858.018	0.0	spot	fxs	2022-08-15 02:40:56.783000064	2022	2
23036633	30825506	1660531261762.0	4819881	6.51	37.5	binc	fxs-usdt	244.125	1.0	spot	fxs	2022-08-15 02:41:01.761999872	2022	2
23036634	30825507	1660531261762.0	4819882	6.51	61.5	binc	fxs-usdt	400.365	1.0	spot	fxs	2022-08-15 02:41:01.761999872	2022	2
23036635	30825508	1660531266764.0	4819883	6.51	17.6	binc	fxs-usdt	114.576	1.0	spot	fxs	2022-08-15 02:41:06.764000000	2022	2
23036636	30825509	1660531266764.0	4819884	6.51	150.0	binc	fxs-usdt	976.5	1.0	spot	fxs	2022-08-15 02:41:06.764000000	2022	2
23036637	30825510	1660531266764.0	4819885	6.51	6.3	binc	fxs-usdt	41.013	1.0	spot	fxs	2022-08-15 02:41:06.764000000	2022	2
23036638	30825511	1660531266764.0	4819886	6.511	61.5	binc	fxs-usdt	400.4265	1.0	spot	fxs	2022-08-15 02:41:06.764000000	2022	2
23036639	30825512	1660531271794.0	4819887	6.513	4.1	binc	fxs-usdt	26.7033	1.0	spot	fxs	2022-08-15 02:41:11.793999872	2022	2
23036640	30825513	1660531271794.0	4819888	6.513	3.1	binc	fxs-usdt	20.1903	1.0	spot	fxs	2022-08-15 02:41:11.793999872	2022	2
23036641	30825514	1660531271794.0	4819889	6.513	13.6	binc	fxs-usdt	88.57679999999999	1.0	spot	fxs	2022-08-15 02:41:11.793999872	2022	2
23036642	30825515	1660531271794.0	4819890	6.514	60.7	binc	fxs-usdt	395.3998	1.0	spot	fxs	2022-08-15 02:41:11.793999872	2022	2
23036643	30825516	1660531286778.0	4819891	6.514	150.0	binc	fxs-usdt	977.1	1.0	spot	fxs	2022-08-15 02:41:26.777999872	2022	2
23036644	30825517	1660531291786.0	4819892	6.516	1.8	binc	fxs-usdt	11.7288	1.0	spot	fxs	2022-08-15 02:41:31.785999872	2022	2
23036645	30825518	1660531351811.0	4819893	6.52	1.8	binc	fxs-usdt	11.736	1.0	spot	fxs	2022-08-15 02:42:31.811000064	2022	2
23036646	30825519	1660531351811.0	4819894	6.52	46.9	binc	fxs-usdt	305.78799999999995	1.0	spot	fxs	2022-08-15 02:42:31.811000064	2022	2
23036647	30825520	1660531352310.0	4819895	6.518	17.6	binc	fxs-usdt	114.7168	0.0	spot	fxs	2022-08-15 02:42:32.310000128	2022	2
23036648	30825521	1660531353685.0	4819896	6.519	22.5	binc	fxs-usdt	146.6775	0.0	spot	fxs	2022-08-15 02:42:33.684999936	2022	2
23036649	30825522	1660531356810.0	4819897	6.523	8.3	binc	fxs-usdt	54.1409	1.0	spot	fxs	2022-08-15 02:42:36.809999872	2022	2
23036650	30825523	1660531361813.0	4819898	6.523	8.3	binc	fxs-usdt	54.1409	1.0	spot	fxs	2022-08-15 02:42:41.812999936	2022	2
23036651	30825524	1660531366820.0	4819899	6.523	8.3	binc	fxs-usdt	54.1409	1.0	spot	fxs	2022-08-15 02:42:46.820000000	2022	2
23036653	30825526	1660531366862.0	4819900	6.52	23.3	binc	fxs-usdt	151.916	0.0	spot	fxs	2022-08-15 02:42:46.862000128	2022	2
23036654	30825527	1660531371819.0	4819901	6.523	8.3	binc	fxs-usdt	54.1409	1.0	spot	fxs	2022-08-15 02:42:51.819000064	2022	2
23036655	30825528	1660531371819.0	4819902	6.523	17.5	binc	fxs-usdt	114.1525	1.0	spot	fxs	2022-08-15 02:42:51.819000064	2022	2
23036656	30825529	1660531376821.0	4819903	6.523	8.3	binc	fxs-usdt	54.1409	1.0	spot	fxs	2022-08-15 02:42:56.820999936	2022	2
23036657	30825530	1660531381823.0	4819904	6.523	8.3	binc	fxs-usdt	54.1409	1.0	spot	fxs	2022-08-15 02:43:01.823000064	2022	2
23036658	30825531	1660531381823.0	4819905	6.523	14.8	binc	fxs-usdt	96.5404	1.0	spot	fxs	2022-08-15 02:43:01.823000064	2022	2
23036659	30825532	1660531386825.0	4819906	6.523	8.3	binc	fxs-usdt	54.1409	1.0	spot	fxs	2022-08-15 02:43:06.824999936	2022	2
23036660	30825533	1660531386825.0	4819907	6.523	8.3	binc	fxs-usdt	54.1409	1.0	spot	fxs	2022-08-15 02:43:06.824999936	2022	2
23036661	30825534	1660531386825.0	4819908	6.523	6.5	binc	fxs-usdt	42.3995	1.0	spot	fxs	2022-08-15 02:43:06.824999936	2022	2
23036662	30825535	1660531390001.0	4819909	6.52	37.5	binc	fxs-usdt	244.5	0.0	spot	fxs	2022-08-15 02:43:10.000999936	2022	2
23036663	30825536	1660531391833.0	4819910	6.52	41.6	binc	fxs-usdt	271.232	1.0	spot	fxs	2022-08-15 02:43:11.832999936	2022	2
23036664	30825537	1660531396830.0	4819911	6.525	26.8	binc	fxs-usdt	174.87	1.0	spot	fxs	2022-08-15 02:43:16.830000128	2022	2
23036665	30825538	1660531396830.0	4819912	6.525	17.5	binc	fxs-usdt	114.1875	1.0	spot	fxs	2022-08-15 02:43:16.830000128	2022	2
23036666	30825539	1660531398596.0	4819913	6.521	17.6	binc	fxs-usdt	114.7696	0.0	spot	fxs	2022-08-15 02:43:18.596000000	2022	2
23036667	30825540	1660531406831.0	4819914	6.527	79.9	binc	fxs-usdt	521.5073000000001	1.0	spot	fxs	2022-08-15 02:43:26.831000064	2022	2
23036668	30825541	1660531406831.0	4819915	6.527	17.6	binc	fxs-usdt	114.8752	1.0	spot	fxs	2022-08-15 02:43:26.831000064	2022	2
23036669	30825542	1660531406831.0	4819916	6.527	37.5	binc	fxs-usdt	244.7625	1.0	spot	fxs	2022-08-15 02:43:26.831000064	2022	2
23036670	30825543	1660531406831.0	4819917	6.527	45.4	binc	fxs-usdt	296.3258	1.0	spot	fxs	2022-08-15 02:43:26.831000064	2022	2
23036671	30825544	1660531406831.0	4819918	6.528	8.3	binc	fxs-usdt	54.1824	1.0	spot	fxs	2022-08-15 02:43:26.831000064	2022	2
23036672	30825545	1660531407054.0	4819919	6.522	22.0	binc	fxs-usdt	143.484	0.0	spot	fxs	2022-08-15 02:43:27.054000128	2022	2
23036673	30825546	1660531408584.0	4819920	6.522	15.5	binc	fxs-usdt	101.091	0.0	spot	fxs	2022-08-15 02:43:28.584000000	2022	2
23036674	30825547	1660531411836.0	4819921	6.523	2.0	binc	fxs-usdt	13.046	1.0	spot	fxs	2022-08-15 02:43:31.836000000	2022	2
23036675	30825548	1660531414101.0	4819922	6.528	8.3	binc	fxs-usdt	54.1824	1.0	spot	fxs	2022-08-15 02:43:34.100999936	2022	2
23036676	30825549	1660531414101.0	4819923	6.528	17.6	binc	fxs-usdt	114.8928	1.0	spot	fxs	2022-08-15 02:43:34.100999936	2022	2
23036677	30825550	1660531414101.0	4819924	6.528	37.5	binc	fxs-usdt	244.8	1.0	spot	fxs	2022-08-15 02:43:34.100999936	2022	2
23036678	30825551	1660531414101.0	4819925	6.528	8.3	binc	fxs-usdt	54.1824	1.0	spot	fxs	2022-08-15 02:43:34.100999936	2022	2
23036679	30825552	1660531414101.0	4819926	6.528	8.3	binc	fxs-usdt	54.1824	1.0	spot	fxs	2022-08-15 02:43:34.100999936	2022	2
23036680	30825553	1660531414101.0	4819927	6.528	8.3	binc	fxs-usdt	54.1824	1.0	spot	fxs	2022-08-15 02:43:34.100999936	2022	2
23036681	30825554	1660531414101.0	4819928	6.528	8.3	binc	fxs-usdt	54.1824	1.0	spot	fxs	2022-08-15 02:43:34.100999936	2022	2
23036682	30825555	1660531414101.0	4819929	6.528	8.3	binc	fxs-usdt	54.1824	1.0	spot	fxs	2022-08-15 02:43:34.100999936	2022	2
23036683	30825556	1660531414101.0	4819930	6.528	8.3	binc	fxs-usdt	54.1824	1.0	spot	fxs	2022-08-15 02:43:34.100999936	2022	2
23036684	30825557	1660531414101.0	4819931	6.528	8.3	binc	fxs-usdt	54.1824	1.0	spot	fxs	2022-08-15 02:43:34.100999936	2022	2
23036685	30825558	1660531414101.0	4819932	6.528	1.0	binc	fxs-usdt	6.528	1.0	spot	fxs	2022-08-15 02:43:34.100999936	2022	2
23036686	30825559	1660531415273.0	4819933	6.523	16.8	binc	fxs-usdt	109.5864	0.0	spot	fxs	2022-08-15 02:43:35.272999936	2022	2
23036687	30825560	1660531416836.0	4819934	6.528	6.7	binc	fxs-usdt	43.7376	1.0	spot	fxs	2022-08-15 02:43:36.836000000	2022	2
23036688	30825561	1660531416836.0	4819935	6.528	2.9	binc	fxs-usdt	18.9312	1.0	spot	fxs	2022-08-15 02:43:36.836000000	2022	2
23036689	30825562	1660531416917.0	4819936	6.524	21.5	binc	fxs-usdt	140.266	0.0	spot	fxs	2022-08-15 02:43:36.916999936	2022	2
23036690	30825563	1660531421838.0	4819937	6.524	1.6	binc	fxs-usdt	10.4384	1.0	spot	fxs	2022-08-15 02:43:41.838000128	2022	2
23036691	30825564	1660531426848.0	4819938	6.528	29.1	binc	fxs-usdt	189.9648	1.0	spot	fxs	2022-08-15 02:43:46.848000000	2022	2
23036692	30825565	1660531426848.0	4819939	6.529	3.0	binc	fxs-usdt	19.587	1.0	spot	fxs	2022-08-15 02:43:46.848000000	2022	2
23036693	30825566	1660531431846.0	4819940	6.53	37.5	binc	fxs-usdt	244.875	1.0	spot	fxs	2022-08-15 02:43:51.846000128	2022	2
23036694	30825567	1660531431846.0	4819941	6.53	19.8	binc	fxs-usdt	129.294	1.0	spot	fxs	2022-08-15 02:43:51.846000128	2022	2
23036695	30825568	1660531431846.0	4819942	6.531	219.8	binc	fxs-usdt	1435.5138	1.0	spot	fxs	2022-08-15 02:43:51.846000128	2022	2
23036696	30825569	1660531436845.0	4819943	6.529	2.7	binc	fxs-usdt	17.6283	1.0	spot	fxs	2022-08-15 02:43:56.844999936	2022	2
23036697	30825570	1660531445003.0	4819944	6.529	7.2	binc	fxs-usdt	47.0088	0.0	spot	fxs	2022-08-15 02:44:05.003000064	2022	2
23036698	30825571	1660531446859.0	4819945	6.532	30.6	binc	fxs-usdt	199.8792	1.0	spot	fxs	2022-08-15 02:44:06.859000064	2022	2
23036699	30825572	1660531446859.0	4819946	6.533	37.5	binc	fxs-usdt	244.9875	1.0	spot	fxs	2022-08-15 02:44:06.859000064	2022	2
23036700	30825573	1660531446859.0	4819947	6.533	21.6	binc	fxs-usdt	141.11280000000002	1.0	spot	fxs	2022-08-15 02:44:06.859000064	2022	2
23036701	30825574	1660531449284.0	4819948	6.525	17.6	binc	fxs-usdt	114.84000000000002	0.0	spot	fxs	2022-08-15 02:44:09.284000000	2022	2
23036702	30825575	1660531449284.0	4819949	6.525	15.3	binc	fxs-usdt	99.8325	0.0	spot	fxs	2022-08-15 02:44:09.284000000	2022	2
23036703	30825576	1660531449284.0	4819950	6.523	15.1	binc	fxs-usdt	98.4973	0.0	spot	fxs	2022-08-15 02:44:09.284000000	2022	2
23036704	30825577	1660531449284.0	4819951	6.522	37.5	binc	fxs-usdt	244.575	0.0	spot	fxs	2022-08-15 02:44:09.284000000	2022	2
23036705	30825578	1660531449284.0	4819952	6.517	3.6	binc	fxs-usdt	23.4612	0.0	spot	fxs	2022-08-15 02:44:09.284000000	2022	2
23036706	30825579	1660531451592.0	4819953	6.523	17.6	binc	fxs-usdt	114.8048	1.0	spot	fxs	2022-08-15 02:44:11.592000000	2022	2
23036707	30825580	1660531451592.0	4819954	6.524	15.3	binc	fxs-usdt	99.8172	1.0	spot	fxs	2022-08-15 02:44:11.592000000	2022	2
23036708	30825581	1660531451592.0	4819955	6.528	15.3	binc	fxs-usdt	99.8784	1.0	spot	fxs	2022-08-15 02:44:11.592000000	2022	2
23036709	30825582	1660531451592.0	4819956	6.529	22.3	binc	fxs-usdt	145.5967	1.0	spot	fxs	2022-08-15 02:44:11.592000000	2022	2
23036710	30825583	1660531451592.0	4819957	6.53	14.5	binc	fxs-usdt	94.685	1.0	spot	fxs	2022-08-15 02:44:11.592000000	2022	2
23036711	30825584	1660531456859.0	4819958	6.521	2.2	binc	fxs-usdt	14.3462	1.0	spot	fxs	2022-08-15 02:44:16.859000064	2022	2
23036712	30825585	1660531489552.0	4819959	6.523	10.0	binc	fxs-usdt	65.22999999999999	0.0	spot	fxs	2022-08-15 02:44:49.552000000	2022	2
23036713	30825586	1660531493380.0	4819960	6.523	5.9	binc	fxs-usdt	38.4857	0.0	spot	fxs	2022-08-15 02:44:53.380000000	2022	2
23036714	30825587	1660531493445.0	4819961	6.523	1.9	binc	fxs-usdt	12.3937	0.0	spot	fxs	2022-08-15 02:44:53.444999936	2022	2
23036715	30825588	1660531506213.0	4819962	6.527	15.3	binc	fxs-usdt	99.8631	0.0	spot	fxs	2022-08-15 02:45:06.212999936	2022	2
23036716	30825589	1660531506214.0	4819963	6.527	2.3	binc	fxs-usdt	15.012099999999998	0.0	spot	fxs	2022-08-15 02:45:06.214000128	2022	2
23036717	30825590	1660531506214.0	4819964	6.526	35.2	binc	fxs-usdt	229.7152	0.0	spot	fxs	2022-08-15 02:45:06.214000128	2022	2
23036718	30825591	1660531510357.0	4819965	6.53	7.9	binc	fxs-usdt	51.587	1.0	spot	fxs	2022-08-15 02:45:10.356999936	2022	2
23036719	30825592	1660531521816.0	4819966	6.536	8.3	binc	fxs-usdt	54.2488	1.0	spot	fxs	2022-08-15 02:45:21.816000000	2022	2
23036720	30825593	1660531521816.0	4819967	6.536	26.2	binc	fxs-usdt	171.24319999999997	1.0	spot	fxs	2022-08-15 02:45:21.816000000	2022	2
23036721	30825594	1660531542831.0	4819968	6.531	37.5	binc	fxs-usdt	244.9125	0.0	spot	fxs	2022-08-15 02:45:42.831000064	2022	2
23036722	30825595	1660531542869.0	4819969	6.53	62.5	binc	fxs-usdt	408.125	1.0	spot	fxs	2022-08-15 02:45:42.868999936	2022	2
23036723	30825596	1660531543723.0	4819970	6.534	30.6	binc	fxs-usdt	199.9404	1.0	spot	fxs	2022-08-15 02:45:43.723000064	2022	2
23036724	30825597	1660531543723.0	4819971	6.534	17.6	binc	fxs-usdt	114.9984	1.0	spot	fxs	2022-08-15 02:45:43.723000064	2022	2
23036725	30825598	1660531543723.0	4819972	6.535	23.6	binc	fxs-usdt	154.226	1.0	spot	fxs	2022-08-15 02:45:43.723000064	2022	2
23036726	30825599	1660531557624.0	4819973	6.526	37.5	binc	fxs-usdt	244.725	0.0	spot	fxs	2022-08-15 02:45:57.624000000	2022	2
23036727	30825600	1660531557624.0	4819974	6.525	15.3	binc	fxs-usdt	99.8325	0.0	spot	fxs	2022-08-15 02:45:57.624000000	2022	2
23036728	30825601	1660531557624.0	4819975	6.523	15.3	binc	fxs-usdt	99.8019	0.0	spot	fxs	2022-08-15 02:45:57.624000000	2022	2
23036729	30825602	1660531557624.0	4819976	6.516	178.5	binc	fxs-usdt	1163.106	0.0	spot	fxs	2022-08-15 02:45:57.624000000	2022	2
23036730	30825603	1660531557624.0	4819977	6.515	178.0	binc	fxs-usdt	1159.6699999999998	0.0	spot	fxs	2022-08-15 02:45:57.624000000	2022	2
23036731	30825604	1660531557624.0	4819978	6.515	153.4	binc	fxs-usdt	999.401	0.0	spot	fxs	2022-08-15 02:45:57.624000000	2022	2
23036732	30825605	1660531557624.0	4819979	6.513	73.4	binc	fxs-usdt	478.0542	0.0	spot	fxs	2022-08-15 02:45:57.624000000	2022	2
23036733	30825606	1660531557624.0	4819980	6.512	37.0	binc	fxs-usdt	240.944	0.0	spot	fxs	2022-08-15 02:45:57.624000000	2022	2
23036734	30825607	1660531557624.0	4819981	6.512	84.9	binc	fxs-usdt	552.8688	0.0	spot	fxs	2022-08-15 02:45:57.624000000	2022	2
23036735	30825608	1660531566904.0	4819982	6.514	37.5	binc	fxs-usdt	244.275	0.0	spot	fxs	2022-08-15 02:46:06.904000000	2022	2
23036736	30825609	1660531566904.0	4819983	6.513	17.6	binc	fxs-usdt	114.6288	0.0	spot	fxs	2022-08-15 02:46:06.904000000	2022	2
23036737	30825610	1660531591921.0	4819984	6.512	37.5	binc	fxs-usdt	244.2	0.0	spot	fxs	2022-08-15 02:46:31.920999936	2022	2
23036738	30825611	1660531591921.0	4819985	6.512	15.0	binc	fxs-usdt	97.68	0.0	spot	fxs	2022-08-15 02:46:31.920999936	2022	2
